3045 3920
1481 202 1512 253 9

345 346 477 389 Unum
502 346 623 389 etiam
654 350 784 387 restat
813 345 865 387 ad
891 343 1205 395 enumerandos,
1236 344 1306 398 qui
1333 343 1386 385 de
1410 342 1617 386 Atlantide
1644 342 1769 393 locuti
1793 348 1907 394 snut,
1936 344 2044 386 viros
2072 344 2238 397 doctos,
2277 350 2324 387 ut
2349 340 2562 388 reda-ds
2588 345 2641 388 ad
2666 360 2752 399 eas,

233 415 303 469 qui
330 427 448 469 quam
473 415 646 464 maxime
673 414 725 456 ad
753 414 963 455 veritatem
991 413 1179 459 dixerunt
1204 412 1475 454 accomodate.
1532 413 1712 465 Quorum
1739 412 1844 453 alter
1867 412 2065 455 Martinus
2094 414 2401 468 Francogallaa,
2441 416 2549 456 onai
2575 415 2755 457 doch-ina

233 483 531 534 ornatissimus,
568 483 609 524 in
635 482 768 537 amplo
798 482 891 524 libri
920 482 985 524 sui
1009 493 1184 524 excursu
1210 481 1340 523 varias
1368 486 1412 522 et
1436 481 1725 535 discrepantes
1745 482 1964 522 sententiaa
1994 495 2131 524 omncs
2159 483 2392 538 ‚disputavit
2428 483 2509 534 ita,
2546 488 2591 525 at
2622 484 2757 526 faceta

231 552 399 605 quadam
438 558 483 593 et
514 552 687 605 eleganti
726 552 855 592 ironia
886 557 1082 592 uteretur.
1137 551 1352 603 Postquam
1389 539 1556 591 aliorum
1580 551 1759 590 excussit
1786 551 2016 603 opiniones,
2056 553 2399 606 argumentatione
2426 554 2526 594 satis
2554 554 2754 606 probabili

230 620 384 662 haecce
412 619 504 662 fere
531 620 750 662 conclusitz

343 690 456 739 Quae
485 688 599 729 Plato
626 689 780 741 primus
809 688 861 727 de
885 688 1016 729 insula
1042 687 1230 740 exposuit
1257 686 1473 735 Atlantide,
1502 699 1640 727 eorum
1668 687 1782 738 origo
1809 686 2045 727 invenienda
2072 695 2137 729 est
2161 690 2202 730 in
2233 690 2489 730 sacerdotum
2514 689 2755 732 Saitica-

232 757 497 806 testimoniis,
527 771 550 796 a
579 756 820 811 philosopho
848 757 890 796 iu
915 756 1043 796 lucem
1073 755 1240 808 prolatis
1267 759 1310 795 et
1337 754 1561 808 patefactis.
1601 754 1720 806 ‘Quia
1757 767 1853 794 vero
1880 755 1983 795 haec
2011 762 2098 796 erat
2125 758 2377 799 sacerdotum
2405 758 2682 808 consuetudo,
2710 764 2757 800 ut

234 825 403 866 Graecis
441 825 624 866 fraudem
649 825 787 866 facere
817 837 945 876 eaque
986 837 1083 864 suae
1111 824 1274 864 utilitati
1306 824 1461 863 servire
1487 823 1722 872 studerent,
1752 835 1829 863 non
1857 823 2020 864 dubium
2050 829 2136 874 est,
2177 827 2270 878 quin
2297 827 2399 868 haec
2427 839 2587 879 quoque
2615 839 2756 869 eorum

235 893 412 933 narratio
440 894 495 933 sit
524 897 566 932 et
593 894 751 932 inventa
779 897 822 932 et
848 893 1049 932 adornata.
1107 892 1265 931 Etenim
1295 892 1331 930 si
1360 891 1552 930 dixissent
1579 903 1733 938 verum,
1763 892 1889 939 locus,
1920 904 1998 942 quo
2023 892 2152 931 insula
2177 893 2334 943 fuisset,
2363 895 2478 934 nobis
2498 895 2754 947 quaerendus

234 967 346 1001 esset
367 975 446 1001 nou
473 962 514 1001 in
543 961 682 1001 Africa
707 974 838 1012 neque
866 962 908 1000 in
936 961 1036 1000 mari
1064 960 1220 1012 glaciali
1248 973 1378 1011 neque
1410 960 1450 998 in
1461 959 1697 1008 Palaestina,
1728 959 1801 998 sed
1827 960 1867 998 in
1897 961 2032 1009 maris,
2064 961 2172 1011 quod
2200 962 2301 1001 ultra
2327 948 2515 1003 lieu-enlin
2545 964 2750 1005 columnas

230 1034 366 1083 patet,
407 1031 602 1070 immenso
642 1030 786 1081 spatio.
843 1029 925 1069 Sed
961 1029 1038 1068 alio
1067 1042 1224 1081 quoque
1252 1028 1486 1068 adducimur
1516 1033 1771 1080 argumento,
1810 1033 1855 1068 ut
1888 1028 2119 1068 refellamus
2147 1030 2399 1070 sacerdotum
2426 1031 2677 1073 mendacium
2706 1040 2751 1074 et

235 1110 513 1150 coarguamus.
570 1098 723 1138 Fabula
751 1097 856 1137 enim
888 1087 1100 1137 Atlantidis
1129 1097 1333 1145 docemur,
1359 1100 1565 1149 tempore,
1595 1108 1673 1148 quo
1699 1096 1802 1136 haec
1826 1095 1974 1136 fuisset
2001 1096 2143 1146 insula,
2173 1097 2252 1137 iam
2276 1102 2360 1138 tres
2388 1099 2594 1140 exstitisse
2620 1105 2751 1142 terras

232 1166 494 1207 continentes.
551 1164 705 1218 Quodsi
742 1169 876 1205 terrae
913 1168 1023 1205 motu
1060 1164 1210 1218 ingenti
1237 1162 1366 1205 insula
1390 1161 1535 1205 fuisset
1569 1163 1802 1217 absumpta,
1841 1164 2079 1205 continentis
2108 1163 2235 1218 figura
2277 1165 2433 1206 omnino
2463 1170 2635 1219 mutata,
2672 1169 2753 1211 iam

236 1234 378 1277 civitas
407 1239 491 1276 tum
523 1234 728 1275 floruisset
740 1233 1027 1288 Aegyptiorum
1061 1237 1103 1274 et
1131 1232 1319 1274 occidens
1349 1236 1460 1273 esset
1485 1232 1737 1287 frequentata
1765 1231 1953 1287 Europae
1977 1246 2085 1287 pars.
2142 1232 2328 1275 Omnium
2355 1240 2484 1275 autem
2512 1235 2753 1291 ineptiam

231 1303 339 1344 haud
367 1303 453 1344 scio
481 1316 530 1343 an
561 1303 642 1343 ulla
669 1303 746 1343 hac
777 1303 832 1343 sit
853 1303 979 1343 maior
1003 1302 1201 1356 opinione.
1257 1300 1399 1355 Neque
1428 1301 1654 1342 verisimilis
1687 1305 1751 1341 est
1776 1302 1950 1342 narratio
1979 1301 2032 1342 de
2059 1301 2222 1343 Oceano
2250 1302 2466 1344 continenti
2491 1304 2751 1357 circumdato,

234 1383 367 1425 neque
396 1372 552 1412 insulae
578 1372 669 1412 loco
696 1372 954 1424 reperiuntur
979 1372 1093 1420 vada,
1119 1383 1222 1424 quae
1249 1370 1521 1423 navigantibus
1551 1371 1634 1410 sint
1661 1370 1947 1422 impedimento
1959 1369 2012 1425 *).

315 1442 449 1494 Atque
483 1442 541 1480 ita
579 1441 620 1479 in
653 1453 700 1479 re
728 1440 885 1480 difficili
925 1446 968 1479 et
1009 1445 1190 1480 contorta
1216 1445 1401 1479 versatus
1445 1445 1507 1479 est
1533 1439 1747 1480 Martinus.
1804 1440 1882 1491 Qui
1924 1442 2002 1479 una
2037 1453 2127 1479 cum
2157 1453 2207 1479 eo
2237 1453 2261 1479 a
2286 1440 2400 1482 nobis
2429 1442 2645 1483 nominatus
2674 1449 2753 1492 est,

234 1511 377 1549 doctus
424 1515 466 1549 et
499 1510 724 1562 intelligens
767 1511 1016 1549 existimator
1052 1509 1252 1557 Platonis,
1302 1508 1589 1556 Susemihlius,
1636 1509 1814 1559 quamvis
1855 1509 2000 1548 eximia
2026 1509 2144 1548 laude
2171 1514 2287 1549 ornet
2315 1509 2553 1559 Martinam,
2595 1513 2636 1551 in
2673 1513 2752 1553 hoc

234 1584 365 1619 tamen
395 1592 486 1618 eum
516 1578 717 1617 erravisse
742 1578 908 1629 putavit,
935 1577 1040 1629 quod
1053 1576 1165 1617 Plato
1194 1576 1341 1628 dialogi
1371 1576 1511 1616 lectori
1538 1590 1617 1617 non
1648 1576 1872 1617 studuisset
1899 1576 2037 1617 fucum
2067 1576 2208 1617 facere
2237 1577 2432 1627 consulto,
2463 1578 2568 1630 quod
2593 1580 2752 1631 quidem

235 1647 305 1687 ille
334 1651 445 1687 esset
472 1646 656 1698 opinatus
669 1643 746 1700 **).
803 1644 917 1685 Plato
955 1649 1107 1694 autem,
1153 1645 1281 1697 inquit
1309 1645 1594 1693 Susemiblius,
1634 1644 1840 1698 personis,
1880 1657 1977 1696 quas
2011 1645 2221 1698 loquentes
2257 1645 2356 1686 facit
2396 1646 2437 1687 in
2465 1646 2655 1700 dialogis,
2684 1662 2752 1690 eas

235 1715 376 1757 tribuit
403 1719 555 1768 partes,
588 1728 686 1767 quas
719 1714 887 1755 consilio
918 1727 992 1754 suo
1022 1718 1182 1767 putaret
1208 1713 1432 1762 convenire,
1488 1712 1602 1765 Quod
1633 1726 1730 1753 vero
1758 1714 1876 1754 etiam
1908 1727 1930 1754 a
1960 1714 2225 1766 scriptoribus
2252 1714 2402 1755 factum
2444 1720 2508 1756 est
2535 1716 2751 1767 historicis,

232 1789 276 1826 ut
303 1788 407 1825 totas
440 1783 639 1837 fingerent
666 1783 880 1833 orationes,
909 1783 988 1824 hoc
1014 1783 1102 1823 sine
1127 1782 1249 1822 dubio
1278 1794 1328 1822 eo
1357 1783 1505 1822 maiore
1533 1782 1624 1822 iure
1654 1782 1894 1836 philosopho
1924 1787 1966 1822 et
1993 1782 2240 1836 dialogorum
2269 1784 2423 1824 auctori
2455 1785 2750 1827 concedendum

233 1858 310 1893 est.
367 1853 438 1893 Sin
466 1865 626 1892 causam
653 1864 903 1904 quaeramus,
933 1864 1035 1903 quae
1064 1864 1153 1890 eum
1184 1852 1401 1903 impulerit,
1426 1857 1469 1890 ut
1495 1851 1682 1890 Solonem
1709 1852 1877 1903 eligeret
1905 1852 1954 1890 ad
1987 1856 2123 1903 partes
2153 1854 2328 1891 auctoris
2357 1854 2643 1906 suscipiendas,
2678 1867 2751 1895 nos

236 1935 315 1963 non
342 1922 551 1975 praeterit,
581 1921 767 1961 Solonem
796 1922 875 1961 iter
899 1920 1050 1961 fecisse
1078 1921 1119 1960 in
1147 1920 1389 1973 Aegyptum,
1419 1933 1587 1972 eumque
1616 1926 1661 1960 ut
1690 1920 1854 1959 critiam
1885 1922 2174 1973 propinquum,
2201 1922 2329 1960 virum
2356 1922 2526 1962 civitatis
2553 1924 2753 1976 regendae

233 1992 406 2044 peritum
433 1995 475 2030 et
503 1995 662 2042 poetam
688 1990 950 2042 ingeniosum,
984 1989 1150 2028 idoneos
1179 1989 1330 2038 fuisse,
1360 1990 1409 2028 ad
1436 2001 1535 2040 quos
1563 1988 1725 2028 fabulae
1753 1995 2013 2028 revocaretur
2037 1991 2163 2041 origo.
2220 1978 2302 2029 ‘Sed
2331 1992 2626 2031 consideremus
2657 2005 2752 2032 con·

234 2060 382 2107 silium,
410 2059 515 2111 quod
543 2060 583 2098 in
612 2059 826 2098 scribendo
854 2058 992 2109 mytho
1023 2058 1220 2097 Atlantico
1248 2057 1362 2097 Plato
1389 2062 1550 2097 secutus
1580 2058 1646 2096 sit.
1704 2057 2003 2097 Obversabatur
2041 2059 2128 2097 eius
2170 2058 2301 2098 animo
2333 2059 2503 2098 civitatis
2533 2061 2753 2113 exemplar,

232 2128 346 2169 cuius
391 2127 600 2180 imaginem
646 2127 760 2166 nobis
790 2130 1057 2179 proposuerat
1106 2126 1145 2166 in
1192 2125 1304 2166 libris
1341 2125 1393 2165 de
1421 2124 1660 2179 Republica:
1704 2126 1903 2177 quomodo
1948 2126 2219 2179 pulcherrima
2261 2126 2363 2167 haec
2401 2127 2626 2181 respublica
2657 2129 2753 2170 olim

233 2197 380 2237 effecta
406 2200 538 2246 esset,
585 2208 657 2236 nos
687 2195 859 2235 debebat
888 2195 1036 2235 docere
1064 2194 1247 2244 Timaei,
1295 2194 1466 2244 Critiae,
1507 2193 1783 2235 Hermocratis
1823 2195 1981 2248 trilogia
2010 2209 2087 2235 uon
2121 2195 2170 2236 ad
2198 2195 2316 2235 finem
2347 2196 2551 2249 perducta.
2610 2196 2753 2251 Neque

235 2266 322 2306 sine
346 2265 542 2305 industria
569 2269 729 2316 tempus
754 2277 894 2304 novem
924 2263 1072 2303 milium
1107 2277 1296 2303 annorum
1340 2278 1363 2303 a
1390 2262 1631 2316 philosopho
1667 2263 1926 2304 constitutum
1953 2269 2038 2313 est,
2075 2264 2167 2317 quia
2205 2277 2252 2304 ea
2278 2268 2498 2317 temporum
2525 2265 2627 2306 ratio
2657 2279 2753 2307 con·

232 2334 340 2387 gruit
372 2346 460 2373 cum
499 2332 675 2385 mythice
704 2331 880 2371 Platonis
922 2331 1102 2371 doctriua
1140 2331 1193 2371 de
1231 2330 1370 2371 decem
1404 2330 1551 2394 milium
1595 2344 1784 2371 annorum
1828 2331 2006 2385 periodis
2044 2330 2309 2384 magnis***).
2366 2332 2481 2383 Quod
2518 2332 2665 2373 deiude
2702 2347 2753 2374 ex

234 2445 538 2489 mietetguetfennen
572 2444 613 2486 (1.
637 2457 667 2479 c.
693 2457 725 2489 p.
751 2444 838 2487 54);
858 2444 919 2484 tofi
954 2454 997 2479 an
1031 2446 1102 2479 bem
1127 2443 1282 2480 ricinum
1299 2443 1387 2485 &tiit
1411 2454 1470 2488 gut
1504 2442 1571 2478 itin
1595 2443 1724 2486 ‘Beatus
1750 2443 1956 2489 burgebrncbt
1981 2445 2127 2487 marten,
2150 2445 2207 2489 Iyet
2227 2444 2265 2486 8.
2289 2444 2332 2480 21.
2357 2443 2485 2480 willer
2506 2445 2754 2482 Panathenaico

234 2503 345 2549 titbtig
384 2501 538 2537 ttinuett.
586 2502 630 2537 cs,
668 2503 707 2536 K.
730 2503 784 2537 Fr.
809 2503 997 2545 Hermann,
1040 2502 1197 2546 ertbud)
1231 2504 1287 2538 bet
1321 2501 1621 2548 gottesbitnstlicben
1652 2501 1871 2544 Ultettbitmet
1900 2505 1955 2538 bet
1990 2501 2145 2545 Θῐίεὼοιι
2173 2514 2206 2547 p.
2230 2502 2309 2538 276.
2355 2502 2396 2536 Η.
2421 2503 2482 2537 Th.
2508 2503 2629 2538 Martia
2667 2505 2690 2538 Ι.
2719 2516 2750 2539 c.

233 2572 266 2605 p.
301 2558 369 2597 305
402 2570 477 2604 sqq.

350 2619 383 2660 ³)
407 2617 537 2651 Martin.
560 2616 584 2650 l.
610 2628 639 2651 c.
662 2628 697 2661 p.
722 2616 791 2653 332
824 2617 867 2651 de
890 2616 1021 2651 insulae
1046 2618 1134 2651 situ:
1182 2617 1321 2661 Utopie!
1358 2628 1437 2651 nom
1459 2617 1642 2659 expressit!
1676 2618 1813 2652 invente
1836 2628 1896 2661 par
1929 2617 1962 2651 le
1985 2619 2154 2662 satyrique
2178 2617 2355 2660 Rabelats,
2377 2618 2454 2662 puis
2479 2617 2745 2654 beureusement

238 2675 396 2721 applique
417 2685 478 2719 par
500 2676 532 2709 le
557 2675 661 2720 grand
688 2674 880 2709 chancelier
903 2674 1142 2720 d’Angleterre
1171 2686 1215 2709 au
1237 2674 1324 2709 beau
1348 2685 1429 2719 pays
1454 2674 1534 2719 qu'il
1559 2676 1650 2709 avait
1672 2677 1772 2718 reve,
1797 2686 1836 2709 ce
1857 2686 1936 2708 nom
1958 2686 2038 2720 grec
2060 2675 2185 2708 semble
2221 2675 2281 2708 fait
2304 2681 2377 2709 tout
2401 2677 2521 2719 expres
2546 2687 2633 2721 pour
2657 2678 2750 2711 indi-

238 2744 323 2778 quer
346 2734 378 2766 le
401 2732 473 2766 seul
497 2733 601 2776 degre
625 2733 667 2766 de
688 2733 829 2766 latitude
854 2743 935 2766 sous
961 2732 994 2766 le
1020 2733 1098 2777 quel
1124 2734 1217 2766 aient
1238 2732 1357 2774 jamnis
1382 2743 1426 2775 pu
1451 2743 1489 2765 se
1511 2733 1670 2774 produire
1696 2732 1745 2766 les
1771 2736 1948 2777 poetiques
1976 2733 2164 2766 merveilles
2200 2732 2242 2765 de
2277 2732 2311 2766 la
2335 2733 2465 2777 grande
2488 2732 2535 2767 ile
2562 2734 2747 2769 Atlantide.

235 2790 287 2825 On
312 2801 332 2824 a
358 2800 415 2823 cru
438 2788 471 2822 le
493 2791 705 2823 reconnaitre
730 2789 814 2823 dans
837 2788 871 2822 le
893 2789 1056 2823 Nouveau
1079 2789 1214 2823 Monde.
1260 2789 1334 2823 Non
1358 2789 1424 2822 elle
1446 2789 1633 2832 appartient
1664 2788 1688 2822 ὲ
1712 2800 1756 2823 un
1781 2795 1878 2823 autre
1899 2789 2043 2831 monde,
2080 2791 2137 2833 qui
2159 2791 2248 2822 n‘est
2271 2799 2333 2833 pas
2356 2790 2440 2823 daus
2464 2790 2498 2823 le
2522 2790 2680 2825 domaine
2704 2793 2748 2825 de

239 2849 400 2892 l'espace,
425 2848 510 2880 mais
533 2847 617 2880 dans
641 2847 728 2880 celui
753 2847 796 2880 de
820 2846 853 2880 la
876 2850 1014 2890 pensee.

324 2905 376 2947 W)
396 2904 554 2938 Fortasse
579 2904 643 2937 boc
668 2915 736 2938 non
762 2905 843 2938 satis
865 2909 960 2937 recte
983 2904 1103 2937 dixerit
1137 2905 1188 2937 vir
1210 2904 1353 2940 doctus:
1402 2903 1585 2937 Contendit
1620 2905 1709 2937 euim
1735 2904 1916 2948 Martinus,
1950 2915 2016 2936 non
2045 2903 2216 2936 Platonem
2242 2903 2304 2936 sed
2336 2904 2533 2938 sacerdotes
2563 2907 2598 2939 in
2622 2906 2687 2940 bac
2711 2917 2749 2939 re

237 2973 314 2998 esse
339 2962 511 2996 mentitos.
560 2962 603 2996 cf.
628 2962 720 2997 Mart.
744 2962 767 2997 1.
793 2974 823 2996 c.
849 2973 883 3006 p.
907 2961 997 2998 321:
1045 2961 1071 2996 11
1095 2964 1184 2996 n'est
1208 2961 1296 2995 donc
1321 2955 1475 3005 pas‘vrai
1498 2971 1565 3005 que
1588 2961 1718 3002 Platon,
1742 2962 1824 2996 dans
1848 2972 1886 2996 ce
1910 2962 2003 3002 tecit,
2027 2962 2073 2994 ait
2095 2960 2236 3006 deguise
2260 2959 2284 2994 ὲ
2308 2960 2474 3004 dessein,
2499 2973 2581 2997 sons
2605 2963 2647 2997 dc
2670 2963 2749 2998 faux

237 3031 335 3055 noms
359 3024 395 3053 et
416 3019 459 3053 de
483 3019 612 3053 sausses
638 3020 734 3053 dates
767 3019 933 3054 l'histoire
967 3020 1105 3053 recente
1128 3019 1172 3052 de
1202 3028 1239 3052 sa
1261 3020 1381 3062 patrie.
1416 3037 1461 3044 —-
1493 3019 1575 3052 Mais
1595 3019 1634 3063 je
1660 3030 1705 3053 ne
1727 3029 1834 3063 pense
1858 3029 1918 3063 pas
1952 3028 2019 3051 non
2043 3017 2118 3061 plus
2143 3018 2226 3062 qu’il
2247 3020 2296 3052 ait
2320 3019 2425 3053 vouln
2448 3021 2565 3054 traiter
2587 3031 2631 3053 un
2655 3021 2748 3064 sujet

237 3084 415 3123 purement
438 3078 532 3112 fictis.
579 3077 606 3111 11
641 3080 821 3121 s’exprime
845 3089 928 3112 avec
949 3077 1094 3111 l'acceut
1127 3077 1170 3110 de
1193 3076 1225 3110 la
1249 3078 1354 3110 verite
1377 3088 1437 3110 sur
1460 3078 1616 3121 l'origine
1651 3078 1693 3111 de
1719 3083 1810 3111 cette
1837 3077 1994 3110 tradition
2020 3081 2053 3108 et
2077 3087 2134 3108 sur
2165 3075 2198 3109 la
2221 3078 2371 3111 muniere
2407 3078 2490 3111 dont
2512 3078 2576 3111 elle
2597 3078 2645 3113 lui
2668 3081 2751 3113 ctait

236 3146 419 3181 pai-venue.
453 3155 497 3161 —
529 3135 580 3170 Ne
611 3137 741 3180 pariant
770 3136 891 3179 jamnis
916 3136 958 3169 de
992 3136 1168 3169 lui-meme
1207 3134 1289 3168 dans
1322 3145 1379 3168 ses
1415 3135 1613 3180 dialognes‚
1647 3135 1768 3170 Platon
1804 3145 1849 3168 ne
1882 3135 2017 3178 pouvait
2050 3133 2208 3178 indiquer
2240 3134 2317 3178 plus
2350 3135 2543 3170 clairement
2580 3146 2650 3181 qne
2685 3147 2748 3172 son

236 3195 321 3229 recit
343 3192 386 3228 de
410 3192 444 3228 la
467 3194 702 3228 conversation
736 3193 780 3228 de
805 3192 912 3228 Solon
945 3204 1028 3228 avec
1063 3191 1096 3227 le
1130 3193 1241 3236 pretre
1274 3193 1355 3226 etait
1391 3192 1492 3227 fonde
1528 3204 1586 3228 sur
1620 3193 1680 3228 des
1702 3193 1932 3237 temoignages
1967 3196 2000 3225 et
2023 3190 2084 3225 des
2111 3191 2314 3228 documenta
2339 3193 2592 3238 authentiques.
2640 3193 2682 3229 Je
2704 3205 2751 3229 ne

238 3253 315 3296 puis
340 3253 449 3284 croire
474 3251 557 3295 qu’il
581 3261 619 3284 se
644 3253 712 3285 soit
735 3251 892 3296 applique
915 3250 937 3283 ὲ
961 3256 1109 3293 tromper
1133 3260 1188 3282 ses
1212 3251 1358 3283 lecteurs
1384 3261 1441 3283 sur
1464 3252 1513 3283 les
1535 3252 1712 3285 traditions
1735 3251 1778 3283 de
1802 3251 1833 3283 la
1858 3249 1993 3283 famine.

325 3309 396 3351 Μ’)
418 3308 469 3344 Fr.
496 3309 628 3343 Susem.
654 3309 677 3342 1.
704 3321 734 3343 c.
761 3320 795 3352 p.
820 3308 910 3345 389:
958 3306 1074 3349 §Debet
1097 3306 1214 3349 enbh'dy
1241 3306 1290 3342 bie
1302 3306 1501 3353 Scitangobe
1526 3307 1695 3352 innetbstb
1719 3307 1817 3349 »ἰήιε
1843 3306 1985 3350 §limbos
2008 3306 2121 3350 selber,
2146 3307 2258 3351 melche
2280 3307 2341 3345 mit
2366 3310 2419 3343 ber
2441 3306 2633 3350 ωηίὴίῖὼοιι
2653 3307 2750 3350 ωτι

235 3365 380 3408 &intono
406 3374 469 3401 ”on
491 3367 550 3399 ben
570 3367 690 3410 gtofien
712 3364 1068 3412 gebuinufenbjdtytigen
1092 3363 1330 3406 emuncti-mn
1354 3354 1648 3410 gufamme‘uipfingt.
1694 3364 1923 3406 meuntauscub
1946 3362 2055 3406 &aare
2077 3363 2144 3406 iiub
2169 3365 2298 3403 ieitbem
2321 3364 2504 3408 vertitidmx
2528 3365 2626 3404 (Tim.
2650 3376 2684 3408 p.
2704 3365 2751 3402 28

236 3423 278 3458 1).
304 3423 383 3459 crit.
407 3435 441 3468 p.
470 3422 536 3459 108
559 3423 631 3467 E.)‚
656 3426 686 3460 b.
713 3424 747 3467 ῐ).
772 3424 861 3468 jentt
884 3422 1110 3459 volitommene
1134 3422 1309 3467 utguflonb
1332 3423 1478 3467 sanaim
1502 3422 1636 3469 &Regina
1658 3422 1839 3468 berienigen
1863 3422 1983 3467 gtofien
2007 3421 2146 3465 suctim
2169 3423 2262 3467 itan,
2300 3424 2334 3458 in
2355 3426 2450 3458 beten
2474 3423 2591 3469 ῑεβίειιι
2614 3420 2752 3467 δεθείς(

238 3480 287 3516 bie
308 3479 382 3518 Scit
420 3484 477 3516 bes
504 3480 680 3525 (mamete
707 3482 804 3527 liegt‘
834 3483 898 3516 uni>
923 3480 1033 3521 mettin
1068 3480 1134 3522 αῐῖο
1171 3479 1290 3516 Βετείίῠ
1317 3480 1420 3523 ibtcm
1442 3481 1568 3525 &binni
1596 3484 1660 3516 nub
1683 3479 1784 3515 bamit
1816 3479 1917 3514 tinem
1949 3490 2052 3515 neuen
2074 3481 2282 3526 umfdmmug
2315 3483 2369 3515 bet
2392 3479 2505 3526 Dinge
2527 3481 2752 3527 eatgtgeaeitt,

236 3539 381 3582 maburti>
403 3541 490 3574 baum
514 3539 590 3582 aud>
617 3542 687 3575 bem
712 3539 938 3582 bermoftatcs
972 3539 1028 3578 {itt
1051 3537 1134 3581 §eine
1156 3538 1306 3584 &urgete
1332 3540 1449 3575 δαείω
1479 3542 1534 3574 bet
1557 3540 1673 3576 {Buten
1705 3539 1839 3584 geennet
1870 3538 1920 3580 iii,
1966 3537 2116 3584 Sugleiffl
2142 3541 2221 3575 mitt·
2257 3539 2334 3573 abet
2368 3540 2445 3582 aad,
2478 3538 2568 3581 bat&
2592 3539 2643 3573 bie
2665 3538 2753 3575 Βετσ
2789 3575 2803 3586 ,

238 3598 359 3641 fesung
393 3598 449 3632 bes
473 3596 617 3643 wintone
649 3598 683 3632 in
717 3598 788 3641 ient
810 3597 991 3643 ungebeuet
1025 3595 1188 3642 tntlegene
1210 3595 1304 3641 Scit,
1342 3597 1396 3633 bis
1431 3608 1468 3643 3¹¹
1492 3597 1621 3641 meldm
1659 3596 1744 3633 ieine
1780 3595 2001 3641 geminante
2026 3595 2255 3642 (irinati-um,
2304 3599 2369 3633 nub
2393 3596 2434 3640 ici
2467 3601 2504 3632 ts
2527 3595 2607 3639 aad,
2629 3596 2754 3634 bie-bet
