3045 3920
1531 148 1564 200 4

380 308 494 350 Haec
531 307 742 348 hactenus.
797 304 936 364 Habes
970 303 1183 352 carminis,
1223 302 1333 354 quod
1376 300 1578 350 creditur,
1617 298 1776 341 Solonis
1811 303 1854 339 et
1884 296 2045 340 Timaei
2085 309 2384 357 argumentum,
2423 308 2530 361 quod
2566 309 2726 364 quidem
2762 309 2813 350 ad

267 378 437 419 insulam
469 380 630 430 spectat
655 373 913 416 Atlantidem.
971 372 1088 426 Quod
1117 375 1251 412 autem
1277 370 1426 411 Critias
1453 370 1493 409 in
1515 368 1686 410 Timaeo
1711 380 1752 421 p.
1769 366 1841 417 w.
1869 367 1915 409 A.
1940 370 2184 422 promiserat
2194 373 2250 426 ⁴'),
2280 386 2327 416 se
2347 376 2520 429 quando,
2549 390 2653 431 quae
2675 377 2815 420 'obiter

267 452 421 489 tantum
449 450 492 486 et
518 444 746 485 summatim
774 446 992 490 narrasset,
1026 441 1253 482 accuratius
1283 452 1379 480 esse
1398 438 1709 491 descripturum,
1734 438 1775 477 in
1799 436 1976 489 dialogo,
2004 440 2075 490 qui
2093 440 2330 484 inscribitur
2346 444 2509 496 Critias,
2532 458 2611 488 non
2628 446 2815 501 porrecto

270 519 313 556 et
341 513 524 555 absoluto
553 523 761 566 exponere
790 516 958 551 conatur
983 514 1026 550 et
1040 508 1346 549 demonstrare.
1402 508 1537 559 Atque
1565 519 1657 547 cum
1680 504 1829 547 Critias
1857 505 2028 547 multum
2059 511 2255 563 temporis
2283 511 2492 555 doctrinae
2520 514 2813 570 comparandae

270 590 313 625 et
338 593 516 637 poeseos
544 580 716 622 maxime
743 578 888 619 studiis
920 578 1156 626 tribuisset,
1191 576 1365 625 Critiae,
1394 589 1512 629 quem
1539 575 1802 627 interpretem
1832 574 1956 626 elegit
1983 574 2100 638 Plato
2113 573 2138 626 ,'
2158 578 2333 620 indolem
2360 582 2563 634 poetieam
2588 583 2629 624 in
2656 583 2813 624 dau-1-

269 652 407 705 ptione
455 648 609 691 insulae
653 645 866 689 Atlantidis
918 645 1269 686 animadvertimus
1327 656 1576 697 expressam.
1644 641 1728 683 Sed
1782 641 1834 682 ad
1872 641 2038 683 critiam
2074 644 2209 697 ipsum
2250 660 2464 702 pergamus
2506 651 2812 704 inspiciendum.

269 720 416 767 iidem,
457 717 527 770 qui
562 717 604 756 in
632 715 821 764 Timaeo,
859 714 975 754 nobis
1011 713 1169 753 obviam
1198 713 1362 752 veniunt
1401 711 1518 751 amici
1544 710 1874 751 sermocinantes.
1929 709 2030 751 Post
2054 724 2173 763 quam
2202 712 2416 766 Timaeus,
2445 730 2543 770 quas
2575 723 2813 771 susceperat

268 786 430 829 dicendi
458 788 618 839 partes,
651 783 730 823 iam
758 781 969 835 transegit,
1011 794 1036 822 a
1063 780 1182 835 longa
1209 780 1325 833 quasi
1351 780 1416 820 via
1437 779 1699 831 requiescere
1722 789 1816 818 sese
1833 777 2026 828 declarat,
2060 783 2104 820 et
2113 779 2265 822 Critiae
2293 783 2478 836 pluribus
2506 787 2640 827 verbis
2669 799 2810 827 munus

268 855 423 903 defert,
470 857 537 901 ut,
582 851 691 904 quod
728 850 930 904 pollicitus
970 850 1057 900 sit„
1094 850 1329 901 insequatur
1369 847 1540 900 longius.
1598 846 1952 887 Consentientibus
1984 858 2109 896 vero,
2158 848 2229 901 qui
2256 850 2307 891 ad
2336 852 2578 905 colloquium
2603 859 2808 902 venerant,

267 925 437 963 Socrate
464 926 508 959 et
532 920 814 967 Hermocrate,
846 917 993 970 Critias
1022 918 1073 956 ad
1105 915 1393 956 describendas
1415 914 1720 954 Atheniensium
1747 914 2005 966 hostiumque
2025 914 2135 954 vires
2164 920 2208 956 et
2234 918 2488 970 respublicas
2510 920 2564 962 de
2587 921 2805 969 amicorum

266 989 466 1032 sententia
495 984 662 1028 consilio
690 986 875 1027 instituto
903 986 1051 1026 iterum
1081 997 1128 1024 se
1157 983 1368 1024 convertit.
1423 983 1552 1023 Antea
1577 983 1655 1022 iam
1671 981 1861 1022 Socrates
1896 981 2181 1032 affirmaverat,
2212 986 2380 1028 eandem
2403 999 2522 1040 quam
2539 988 2808 1038 Hermocrati,

266 1061 303 1101 si
329 1070 425 1100 suas
451 1050 671 1097 sustineret
701 1059 853 1108 partes,
883 1054 1037 1094 veniam
1070 1053 1151 1105 ipsi
1179 1052 1314 1092 datum
1343 1051 1395 1091 iri
1427 1051 1590 1092 Critiae.
1648 1049 1730 1090 Sed
1758 1049 1965 1090 audiamus
1990 1050 2158 1091 Critiam
2189 1052 2297 1094 hunc
2325 1063 2603 1108 enarrantem,
2617 1058 2808 1110 quemad-

265 1127 429 1170 modum
458 1125 553 1166 olim
582 1123 713 1165 omnia
738 1123 820 1164 sint
845 1122 976 1171 facta,
1006 1111 1212 1171 invocato,
1242 1117 1350 1172 quod
1379 1120 1507 1161 bonae
1535 1124 1602 1160 est
1628 1118 1929 1160 consuetudinis
1959 1120 2066 1172 apud
2095 1120 2302 1163 Platonem
2315 1121 2403 1177 **),
2431 1125 2602 1168 deornm
2628 1127 2809 1180 inprimis

264 1197 551 1248 Muemosyues
582 1192 742 1233 auxillo.

377 1264 463 1305 Diis
489 1262 719 1301 universum
756 1259 896 1299 orbem
935 1263 1132 1299 terrarum
1167 1257 1382 1309 aliquando
1421 1256 1641 1298 secundum
1679 1256 1768 1297 loca
1805 1256 1862 1297 ita
1891 1257 1998 1296 iuter
2025 1269 2072 1297 se
2105 1258 2395 1311 partientibus,
2432 1265 2478 1302 ut
2504 1261 2638 1303 nullae
2663 1262 2808 1303 fierent

265 1333 555 1379 contentiones,
582 1328 773 1376 vulcano,
791 1333 835 1367 et
859 1327 1092 1377 Minervae,
1121 1327 1273 1380 quippe
1304 1326 1375 1379 qui
1402 1338 1652 1366 communem
1681 1325 1880 1366 haberent
1907 1330 2112 1375 naturam,
2139 1330 2248 1367 terra
2275 1328 2370 1370 data
2397 1335 2463 1371 est
2489 1330 2806 1373 Atheniensium.

263 1404 320 1443 Hi
359 1406 493 1441 autem
522 1399 602 1447 dii,
633 1397 776 1438 eodem
807 1397 887 1436 orti
915 1401 1055 1448 patre,
1092 1396 1315 1447 sapientiae
1351 1395 1577 1445 artiumque
1616 1393 1757 1434 eodem
1799 1394 2002 1434 coniuncti
2031 1394 2190 1443 studio,
2228 1396 2503 1449 indigenarum
2532 1399 2572 1439 in
2600 1392 2808 1440 suaterra

267 1470 419 1512 animos
446 1466 497 1508 ad
526 1466 730 1507 civitatem
756 1465 861 1505 bene
894 1455 1214 1504 constituendam
1244 1463 1524 1502 adverterunt:
1562 1475 1730 1514 quorum
1766 1462 1926 1502 nomina
1954 1462 2117 1514 quidem
2145 1462 2279 1504 adhuc
2315 1470 2408 1506 sunt
2445 1472 2626 1517 servata,
2670 1480 2804 1509 rerum

262 1542 467 1593 gestarum
495 1548 594 1576 vero
622 1533 815 1574 memoria
843 1538 1012 1586 propter
1040 1545 1204 1580 eorum,
1244 1532 1313 1583 qui
1337 1531 1447 1570 facta
1475 1531 1623 1570 tradita
1647 1530 1922 1582 accipiebant,
1963 1531 2169 1570 interitum
2198 1537 2242 1571 et
2269 1545 2412 1573 novem
2434 1536 2585 1575 milium
2614 1548 2803 1577 annorum

264 1606 438 1661 spatium
468 1603 616 1645 sensim
643 1602 860 1643 obscurata
888 1605 952 1641 est
978 1606 1098 1652 atque
1124 1612 1253 1653 paene
1283 1599 1484 1639 oblivione
1513 1599 1668 1639 obruta.
1725 1598 2041 1650 Relinquebatur
2070 1600 2176 1640 enim
2205 1613 2332 1652 genus
2352 1601 2556 1642 hominum
2578 1611 2803 1645 montanum

264 1680 385 1728 atque
411 1673 668 1719 illiteratum,
708 1669 816 1722 quod
853 1669 1011 1709 nomina
1044 1668 1206 1719 quidem
1236 1680 1399 1716 eorum,
1438 1667 1507 1718 qui
1545 1666 1587 1706 in
1624 1667 1754 1719 patria
1783 1671 1970 1720 potentes
1999 1666 2187 1716 fuerant,
2225 1668 2457 1720 audiverat,
2493 1684 2627 1712 rerum
2666 1678 2804 1714 contra

263 1747 482 1797 gestarum,
512 1740 574 1780 uti
600 1738 786 1786 diximus,
816 1750 977 1789 parvam
1003 1742 1218 1790 praeterea
1241 1736 1417 1775 habebat
1439 1735 1634 1775 notitiam.
1690 1735 1788 1775 Dico
1811 1740 1944 1776 autem
1965 1735 2068 1777 haec
2092 1735 2187 1777 inde
2217 1737 2425 1790 colligens,
2454 1740 2548 1790 quia
2572 1742 2803 1782 sacerdotes

264 1811 404 1853 Saitici
437 1811 478 1850 in
505 1807 657 1848 veteris
686 1806 782 1847 belli
819 1806 1049 1846 narratione
1076 1806 1253 1845 virorum
1286 1804 1448 1844 virtutis
1478 1808 1520 1843 et
1548 1804 1772 1857 sapientiae
1800 1804 1929 1857 gloria
1954 1805 2244 1857 praestantium
2273 1810 2315 1846 et
2342 1805 2574 1857 mulierum,
2604 1820 2706 1860 quae
2735 1810 2805 1850 illo

262 1887 446 1932 tempore
475 1876 750 1927 antiquissimo
775 1875 950 1914 virorum
977 1874 1218 1913 tenebantur
1244 1873 1340 1912 belli
1370 1871 1539 1920 studiis,
1578 1872 1737 1912 nomina
1765 1872 2038 1912 tantummodo
2066 1879 2490 1915 commemoraverunt.
2545 1875 2665 1918 Cives
2692 1890 2803 1927 vero,

196 1946 199 1949 ’
262 1949 331 2002 qui
358 1952 443 1987 tum
472 1950 623 1985 terram
660 1943 895 1984 habitabant
921 1942 1251 1990 Atheniensium,
1288 1954 1366 1981 non
1405 1953 1543 1980 omnes
1582 1940 1688 1980 idem
1728 1941 2005 2002 suscipiebant
2042 1946 2085 1981 et
2109 1942 2438 1983 administrabant
2476 1945 2700 1997 negotium:
2736 1947 2804 1987 alii

261 2017 367 2058 enim
395 2015 436 2055 in
465 2013 657 2075 operibus
683 2011 946 2052 versabantur
982 2010 1180 2051 faciendis
1222 2014 1265 2051 et
1293 2010 1334 2051 in
1373 2010 1482 2050 victu
1513 2022 1565 2050 ex
1593 2014 1702 2050 terra
1737 2009 1968 2061 quaerendo
2001 2015 2117 2050 erant
2149 2012 2356 2063 occupati,
2406 2012 2474 2052 alii
2501 2026 2588 2053 rem
2617 2015 2802 2055 colebant

261 2086 498 2132 militarem,
545 2081 614 2121 alii
650 2080 843 2132 denique,
892 2080 961 2132 qui
1002 2083 1234 2132 separatum
1272 2092 1295 2118 a
1332 2078 1498 2130 reliquis
1540 2077 1835 2118 collocaverant
1869 2078 2114 2118 domicilium
2151 2091 2402 2131 quorumque
2439 2092 2557 2120 nemo
2592 2083 2798 2134 proprium

261 2153 472 2208 quicquam
513 2148 770 2204 possidebat,
817 2146 1057 2201 sapientium
1106 2147 1411 2200 appellabantur
1452 2146 1622 2188 nomine.
1680 2145 1747 2187 Sic
1788 2146 1837 2186 ad
1870 2145 2134 2200 Reipublicae
2172 2148 2402 2200 exemplum
2440 2152 2526 2190 tres
2562 2149 2621 2190 illi
2657 2151 2802 2192 civium

262 2222 427 2263 ordines
457 2223 573 2260 eraut
600 2217 818 2257 distributi.
859 2216 942 2256 Sed
980 2217 1100 2256 etiam
1128 2216 1230 2256 fines
1256 2215 1554 2268 antiquissimae
1583 2215 1888 2256 Atheniensium
1917 2215 2091 2256 civitatis
2134 2217 2253 2257 latius
2286 2230 2401 2269 quam
2431 2222 2573 2269 postea
2605 2232 2802 2272 propaga-

260 2293 419 2337 bantur,
449 2293 613 2338 totaque
640 2298 779 2326 eorum
808 2291 918 2325 terra
947 2289 1028 2325 tam
1055 2285 1188 2337 opima
1217 2289 1306 2323 erat
1334 2288 1376 2323 et
1403 2283 1549 2323 fertilis
1583 2288 1626 2323 ut
1654 2288 1697 2323 et
1722 2283 1907 2324 ubertate
1936 2297 2123 2340 agrorum
2155 2290 2198 2325 et
2226 2286 2420 2325 varietate
2441 2286 2627 2336 omnium,
2657 2289 2801 2339 quibus

260 2358 482 2399 abundaret
527 2367 662 2394 rerum
702 2366 793 2394 cum
825 2353 1021 2402 Athenis,
1061 2365 1164 2404 quae
1204 2365 1309 2392 nunc
1338 2357 1454 2400 sunt,
1489 2351 1774 2401 antecelleret,
1812 2356 1895 2392 tum
1924 2364 2109 2404 magnum
2137 2358 2278 2406 posset
2306 2352 2527 2393 exercitum
2558 2354 2666 2395 alere
2695 2357 2800 2409 agri·

262 2427 418 2469 cultura
447 2428 666 2464 vacantem.

371 2495 503 2545 Atque
531 2492 577 2532 hi
613 2490 775 2543 quidem
803 2489 1011 2529 veterrimi
1044 2488 1217 2528 civitatis
1247 2488 1551 2528 Atheniensium
1584 2489 1761 2537 incolae,
1801 2501 1892 2529 cum
1922 2501 2034 2529 suam
2072 2490 2252 2541 ipsorum
2278 2488 2565 2540 rempublicam
2595 2495 2799 2543 totamque

259 2563 471 2604 Graeciam
508 2560 615 2599 iuste
648 2557 993 2604 administrarent,
1034 2569 1110 2607 per
1149 2556 1375 2595 universam
1403 2556 1605 2608 Europam
1632 2562 1753 2608 atque
1784 2556 1918 2596 Asiam
1952 2562 1995 2596 et
2033 2570 2247 2609 corporum
2275 2556 2574 2609 pulchritudine
2602 2564 2644 2598 et
2673 2561 2799 2600 omnis

258 2631 420 2684 generis
450 2629 600 2667 virtute
630 2625 839 2677 conspicui
866 2624 1042 2663 fuerunt.
1100 2624 1209 2675 Quas
1238 2636 1336 2663 vero
1361 2637 1429 2663 res
1455 2624 1668 2676 gesserint,
1703 2625 1927 2675 quibusque
1957 2625 2104 2665 bellum
2123 2624 2343 2672 intulerint,
2371 2623 2563 2675 deinceps
2595 2626 2798 2666 vobiscum

258 2698 439 2738 volumus
479 2693 787 2735 communicare.
847 2691 929 2731 Sed
968 2704 1019 2731 ne
1057 2691 1278 2739 miremini,
1318 2690 1426 2744 quod
1464 2690 1503 2731 in
1542 2691 1764 2731 enarrando
1798 2703 1937 2731 eorum
1971 2692 2079 2733 bello
2114 2704 2262 2745 graeca
2302 2691 2558 2733 barbarorum
2596 2693 2797 2736 homiuum

258 2766 417 2807 nomina
449 2763 619 2804 auditis:
659 2761 781 2801 Solon
820 2760 948 2808 enim,
1003 2772 1106 2811 quae
1144 2760 1435 2812 Aegyptiorum
1473 2759 1705 2800 sacerdotes
1747 2760 1906 2800 nomina
1947 2765 2262 2813 usurpaverant,
2300 2760 2342 2801 in
2385 2764 2561 2801 nostram
2599 2764 2800 2805 transtulit

259 2837 446 2888 linguam.
504 2833 618 2884 Quae
647 2843 670 2870 a
697 2829 845 2869 Solone
874 2828 1003 2868 literis
1033 2833 1148 2868 erant
1173 2829 1419 2881 consignata,
1445 2834 1486 2868 et
1512 2841 1608 2868 avus
1637 2841 1751 2874 meus
1778 2833 1821 2869 et
1849 2841 1926 2882 ego
1951 2829 2040 2883 ipse
2070 2830 2338 2878 servavimus,
2382 2840 2533 2880 eaque,
2574 2842 2665 2872 cum
2694 2845 2798 2885 puer

260 2906 409 2952 essein,
438 2900 594 2955 perlegi
622 2899 847 2951 diligenter.
905 2897 950 2936 ln
989 2898 1041 2936 iis
1089 2898 1214 2950 igitur
1247 2898 1505 2951 perlegendis
1551 2902 1593 2937 et
1631 2898 1929 2951 pertractandis
1969 2899 2141 2939 animum
2167 2899 2321 2939 habeus
2362 2903 2598 2950 occupatum
2627 2899 2798 2943 inillam

258 2972 383 3013 incidi
421 2970 531 3010 orbis
566 2974 765 3009 terrarum
800 2967 1070 3020 partitionem.
1135 2966 1325 3018 Neptuno
1367 2973 1479 3006 sorte
1517 2967 1716 3019 assignata
1754 2972 1842 3007 erat
1884 2967 2014 3007 insula
2054 2967 2237 3008 Atlantis.
2304 2966 2345 3006 ln
2382 2966 2514 3007 media
2552 2967 2629 3009 hac
2668 2969 2797 3012 insula

258 3038 535 3092 antiquissimo
561 3041 647 3078 tum
676 3040 861 3087 tempore
889 3034 1055 3086 patebat
1082 3035 1269 3086 planities
1299 3035 1474 3074 omnium
1501 3035 1623 3074 facile
1651 3035 1924 3087 pulcherrima
1949 3042 1992 3075 et
2019 3036 2293 3082 fertilissima,
2323 3035 2373 3073 ad
2403 3035 2516 3073 cuius
2546 3047 2655 3077 oram
2683 3050 2795 3079 mons

259 3111 348 3150 erat
376 3106 534 3156 editus,
567 3105 609 3146 in
642 3115 774 3157 eoque
799 3102 1033 3143 habitabant
1059 3101 1223 3144 Euenor
1260 3116 1352 3144 cum
1395 3116 1520 3145 uxore
1559 3103 1783 3156 Leucippe.
1841 3104 2020 3155 Quorum
2055 3118 2177 3156 quum
2211 3104 2334 3143 filiam
2362 3102 2558 3143 Clitonem
2585 3105 2794 3158 Neptunus

349 3246 384 3290 ¹⁸)
433 3243 474 3279 G.
498 3243 693 3278 Stallbaum.
739 3242 931 3288 prolegom.
957 3242 1001 3276 de
1026 3241 1130 3277 Critia
1154 3242 1303 3276 Platonis
1328 3253 1361 3287 p.
1386 3241 1467 3279 373.

325 3304 379 3345 *ἢ
423 3300 555 3338 autina
589 3299 695 3343 ulmi.
719 3308 783 3336 rou
807 3299 866 3341 ὗε.
884 3299 1069 3343 Quiritum.
1117 3299 1298 3345 <emnem
1322 3299 1428 3337 1857.
1461 3311 1494 3344 p.
1518 3300 1607 3337 917:
1656 3300 1767 3345 2>th
1798 3302 1848 3338 bit
1870 3302 2047 3349 Qlurufung
2078 3301 2177 3345 bieiet
2199 3299 2391 3344 &ottbeiten
2427 3300 2505 3336 loiri>
2528 3302 2649 3346 bstou?
2681 3304 2793 3352 biuga

254 3362 377 3406 beuta,
399 3359 464 3401 bos
489 3357 565 3402 cue
582 3359 653 3395 beni
668 3356 799 3394 stilico
824 3368 890 3394 nui:
915 3357 984 3394 eine
1005 3355 1170 3403 {Dimung
1197 3360 1270 3393 obet
1289 3359 1340 3393 ein
1366 3357 1509 3402 wintine
1532 3358 1567 3394 in
1590 3361 1650 3394 beu
1674 3359 1785 3395 munh
1810 3361 1917 3406 gelegt
1940 3363 2065 3396 metten
2093 3360 2164 3404 5⁰1¹·
2187 3377 2234 3384 —
2258 3357 2325 3393 Die
2349 3358 2469 3394 &bitin
2492 3361 2547 3394 bet
2571 3360 2793 3409 Grinnetuug,

253 3423 350 3458 actea
372 3416 589 3464 crudosum
615 3414 685 3460 tier
708 3415 809 3460 suffer
833 3417 904 3452 bem
929 3423 993 3452 non
1014 3413 1145 3452 &titius
1177 3414 1267 3460 felbft
1292 3415 1517 3463 angegebenen
1541 3415 1677 3454 &tunic
1700 3428 1755 3454 um
1779 3418 1812 3462 io
1846 3419 2008 3462 »effenbet
2040 3417 2099 3461 ist,
2136 3417 2190 3452 ate
2215 3415 2256 3458 fle
2286 3416 2341 3458 sixt
2366 3414 2415 3451 bie
2439 3414 2570 3453 mutiet
2596 3421 2650 3454 bet
2672 3419 2793 3462 maren

254 3478 347 3525 gott,
372 3475 467 3518 mil,
488 3473 554 3511 nie
574 3472 722 3519 &aguet
745 3478 783 3508 eo
807 3473 994 3515 autumet,
1028 3481 1113 3516 „vot
1145 3473 1330 3519 &tilnbung
1366 3476 1441 3509 obet
1476 3473 1688 3521 &infinitum
1720 3476 1775 3512 bet
1799 3474 2042 3520 &ibicibtiunft
2074 3476 2136 3511 bno
2163 3472 2364 3518 &ebficbtnifi
2401 3475 2463 3509 tos
2489 3472 2608 3521 eingige
2631 3476 2790 3514 neberti&

251 3531 496 3581 imgcmittcl
518 3531 628 3569 norst
