3045 3920
1432 703 1475 757 Ι.

158 918 161 920 ,
297 852 446 917 Initio
473 873 633 916 'l'imaei
661 873 870 914 Socratem
895 870 1078 912 videmus
1102 871 1379 913 conferentem
1409 884 1632 912 sermonem
1669 885 1758 912 cum
1790 870 1984 921 Timaeo,
2025 871 2312 925 Hermocrate,
2339 875 2478 928 Critia-
2537 876 2728 917 Socrates

191 945 295 986 enlm
329 948 512 996 rugatus,
540 942 650 982 utin
679 940 911 982 memoriam
938 944 1150 982 revocaret
1178 939 1451 988 auditoribus,
1478 939 1608 993 qualis
1637 944 1680 980 01
1707 952 1732 979 0
1757 940 1942 992 qualibus
1970 940 2068 980 viris
2094 941 2244 993 optima
2267 943 2475 984 videretur
2503 957 2627 998 posse
2655 958 2727 985 ex-
2781 951 2788 958 '

187 1014 336 1054 sistere
365 1011 521 1060 civit-0,
550 1010 591 1051 ia
619 1008 820 1061 colloquio
844 1007 1039 1061 deinceps
1067 1007 1192 1058 sacto,
1219 1020 1338 1060 110010
1366 1007 1558 1048 hesterno
1587 1008 1666 1048 sibi
1694 1008 1867 1049 finxerat
1889 1008 2193 1060 rempublicam,
2230 1009 2474 1062 primatibus
2502 1013 2729 1065 regustavit

188 1082 325 1123 labris.
383 1081 473 1132 Quo
498 1092 591 1121 cam
617 1090 785 1119 munere
810 1076 975 1118 functus
1005 1081 1118 1118 esset
1146 1076 1351 1127 Socrates,
1382 1082 1517 1130 partes
1546 1075 1708 1118 dicendi
1736 1077 1919 1130 suscepit
1942 1076 2103 1119 Critias.
2159 1076 2238 1119 Hic
2265 1079 2384 1130 enin,
2413 1080 2553 1123 Soloai
2578 1094 2726 1135 cogna-

188 1155 253 1190 tus
283 1160 359 1202 per
387 1147 604 1201 Dropidam
635 1158 850 1199 proavum,
877 1145 928 1184 ab
956 1157 1031 1185 avo
1059 1144 1188 1185 Critia
1216 1150 1489 1198 argumentum
1519 1151 1738 1197 acceperat
1766 1146 1979 1194 carminis,
2008 1145 2116 1197 110011
2143 1145 2265 1186 Solon
2288 1147 2382 1188 olim
2410 1148 2463 1188 de
2490 1150 2645 1202 maguis
2674 1150 2725 1190 ab

190 1215 505 1258 Atheniensibus
530 1217 653 1255 rebus
683 1213 810 1267 gestis
838 1226 889 1253 ex
916 1212 1105 1266 Aegypto
1129 1212 1258 1254 redux
1286 1213 1468 1253 attulisse
1486 1213 1733 1254 tradebatur.
1790 1212 1926 1254 Dicam
1957 1217 2105 1263 autem,
2131 1213 2196 1266 inq
2227 1214 2260 1255 it
2285 1213 2455 1266 critias,
2484 1224 2605 1270 prout
2630 1230 2721 1258 10111

191 1285 325 1326 audivi
350 1289 546 1329 ‚veterem
585 1284 636 1324 sb
676 1294 751 1323 avo
789 1294 882 1322 meo
917 1281 1057 1321 Critia.
1114 1281 1342 1334 Agebamus
1380 1281 1485 1322 forte
1523 1281 1632 1321 diem
1671 1281 1823 1322 festum
1852 1281 2137 1335 Apaturiorum
2226 1283 2379 1333 rectia,
2405 1285 2583 1338 praemia
2610 1286 2726 1326 nobis

189 1354 328 1407 pueris
357 1353 408 1393 ad
437 1352 656 1393 carminum
688 1350 984 1390 recitandarum
1013 1351 1232 1390 certamina
1274 1364 1299 1390 a
1327 1351 1505 1402 patribus
1543 1355 1661 1390 erant
1681 1351 1909 1402 proposita.
1967 1350 2163 1390 Recitatis
2203 1351 2416 1392 malton-m
2444 1359 2653 1405 poetarum
2681 1354 2722 1393 in

188 1422 323 1474 iisque
352 1421 511 1462 Solonis
537 1420 798 1468 carminibus,
828 1418 984 1459 exstitit
1012 1431 1111 1458 avus
1137 1431 1251 1459 meus
1280 1418 1443 1468 Critias,
1470 1422 1513 1459 et
1540 1419 1783 1459 mentionem
1807 1418 1910 1459 fecit
1937 1418 2043 1459 illius
2073 1420 2275 1469 carminis,
2303 1420 2408 1473 110011
2433 1421 2469 1461 01
2498 1421 2621 1462 Solon
2647 1422 2717 1463 ab·

188 1490 392 1540 solvisset,
420 1489 542 1531 facile
572 1493 615 1530 et
643 1487 811 1529 Homeri
830 1492 873 1528 et
899 1486 1069 1528 Hesiodi
1102 1487 1259 1528 landem
1290 1492 1501 1540 aequasset
1529 1487 1743 1541 poeticam.
1800 1487 1929 1540 Quale
1956 1498 2053 1527 vero
2081 1493 2357 1541 argumentum
2371 1489 2500 1547 &fuerit
2521 1491 2721 1540 carminis,

187 1563 231 1600 et
255 1558 455 1612 quomodo
484 1557 606 1599 Solon
635 1558 675 1597 in
704 1557 890 1610 Aegypto
921 1567 1172 1596 commorans
1206 1569 1230 1597 a
1263 1556 1424 1596 Saiticis
1452 1557 1505 1596 sit
1530 1561 1726 1610 exceptus
1755 1556 2033 1596 sacerdotibus
2059 1568 2246 1609 quaeque
2271 1559 2471 1609 retulerit,
2502 1560 2579 1599 1010
2615 1572 2723 1600 0000

188 1628 399 1668 vobiscum
423 1638 513 1666 sum
543 1626 920 1666 communicaturus.
1190 1658 1192 1660 .
2162 1623 2170 1631 ‘

267 1736 273 1746 ,
299 1697 376 1735 Est
402 1696 443 1736 iu
472 1695 658 1747 Aegypto
687 1694 728 1733 in
757 1694 875 1733 Delta
906 1693 996 1742 illo,
1039 1693 1155 1732 cuius
1185 1693 1338 1732 circum
1376 1693 1567 1732 verticem
1598 1692 1680 1731 Nili
1708 1692 1907 1732 scinditur
1937 1693 2108 1741 flumen,
2138 1693 2235 1733 urbs
2263 1694 2434 1734 maxima
2458 1694 2572 1744 Sais,
2610 1696 2725 1735 cuius

191 1764 306 1816 origo
343 1763 394 1803 ad
430 1763 546 1803 deam
584 1761 788 1811 refertur,
825 1761 1116 1814 Aegyptiorum
1157 1760 1292 1813 lingua
1322 1755 1459 1814 Νηΐθ,
1497 1759 1747 1800 Graecorum
1779 1755 1958 1814 Ἀθηνᾶ
1987 1766 2180 1801 vocatam.
2237 1761 2425 1802 Solonem
2458 1767 2590 1803 autem
2630 1763 2726 1804 illuc

188 1832 420 1884 profectum
450 1831 686 1870 sacerdotes
715 1834 759 1868 et
783 1842 927 1881 magno
956 1830 1185 1868 habuerunt
1213 1830 1253 1867 in
1281 1829 1447 1875 honore,
1476 1834 1520 1867 et
1548 1841 1615 1867 res
1646 1829 1829 1879 antiquas
1859 1830 2131 1869 sciscitantem
2162 1829 2213 1869 ad
2249 1843 2298 1869 00
2325 1830 2590 1879 deduxerunt,
2619 1845 2723 1883 11000

191 1900 312 1952 longe
355 1903 447 1939 ante
475 1898 729 1939 Deucalionis
754 1896 945 1936 diluvium
987 1897 1029 1937 111
1067 1896 1372 1937 Atheniensium
1408 1895 1537 1948 patria
1582 1901 1721 1936 essent
1760 1895 1882 1937 facta.
1938 1896 2086 1949 Magna
2125 1896 2292 1938 aliorum
2328 1897 2564 1950 populorum
2600 1898 2723 1939 exitia

190 1968 380 2021 Aegyptii
408 1965 659 2020 effugerunt:
699 1964 815 2005 Nilus
842 1965 949 2005 enim
982 1965 1253 2017 montiumque
1292 1964 1385 2017 iuga
1413 1963 1492 2004 Nili
1521 1977 1683 2004 cursum
1712 1965 1922 2016 sequeutia
1947 1964 2196 2014 effecerunt,
2233 1969 2278 2006 ut
2304 1965 2491 2019 Aegyptii
2518 1973 2656 2007 esseut
2682 1967 2723 2007 in

187 2041 301 2084 tuto,
336 2048 461 2087 quare
496 2034 603 2088 apud
642 2046 715 2074 eos
750 2033 1028 2085 antiquissima
1064 2046 1200 2073 rerum
1234 2037 1486 2073 monumenta
1522 2037 1826 2073 asservarentur
1862 2033 2029 2086 reliquis
2058 2033 2222 2086 populis
2250 2033 2368 2086 plane
2393 2034 2526 2086 ignota
2535 2031 2591 2086 ¹³).
2642 2034 2721 2084 „sic

189 2103 460 2144 Athenienses
491 2103 789 2156 ignoraverunt,
816 2101 856 2141 in
882 2113 957 2141 sua
985 2106 1094 2141 terra
1122 2101 1239 2154 longe
1260 2105 1354 2140 ante
1373 2100 1652 2140 Deucalionem
1680 2101 1945 2141 clarissimum
1978 2101 2107 2141 fuisse
2133 2101 2336 2142 hominum
2364 2113 2505 2154 genus,
2523 2107 2567 2142 01
2580 2103 2723 2143 urbem

191 2173 368 2211 Athenas
410 2172 533 2211 rebus
570 2171 679 2210 domi
721 2170 968 2221 militiaeque
1009 2170 1136 2222 gestis
1178 2170 1448 2216 excelluisse,
1485 2181 1639 2220 eosque
1667 2169 1797 2221 fugit,
1837 2176 1880 2209 et
1907 2170 2085 2209 Athenas
2114 2175 2157 2209 et
2189 2170 2296 2210 Saim
2324 2176 2415 2209 aute
2441 2183 2583 2210 novem
2613 2172 2724 2211 milia
2754 2210 2772 2227 ο

190 2252 380 2281 annorum
411 2253 434 2281 a
463 2239 662 2281 communi
690 2238 769 2289 dea
797 2250 891 2279 esse
921 2237 1137 2280 conditam.
1193 2238 1327 2289 Atque
1357 2237 1461 2290 quod
1490 2237 1597 2278 inter
1609 2237 1831 2291 Aegyptios
1850 2238 2099 2280 notissimum
2117 2239 2197 2280 fuit
2213 2250 2349 2279 eorum
2368 2244 2722 2283 commemoratam

191 2309 414 2357 annalibus,
444 2309 554 2348 cives
584 2308 852 2348 Athenienses
887 2307 1095 2359 potentiae
1121 2308 1299 2359 superbe
1327 2318 1351 2346 e
1378 2307 1474 2345 mari
1501 2307 1705 2346 Atlantico
1734 2312 1776 2347 et
1803 2308 1844 2346 in
1863 2308 2063 2366 Europam
2092 2312 2134 2347 01
2157 2308 2344 2347 111Δο10111
2372 2308 2577 2348 invadenti
2601 2308 2724 2348 flua-

195 2377 290 2418 olim
320 2377 614 2430 imposuerunt.
671 2375 776 2415 Tum
806 2376 912 2415 enim
942 2387 1054 2414 mare
1083 2374 1181 2414 illud
1209 2380 1298 2415 erat
1325 2374 1558 2427 navigabile,
1587 2375 1718 2415 insuia
1745 2376 1904 2415 obiecta
1930 2376 2017 2415 eius
2046 2376 2163 2423 ostio,
2198 2375 2303 2426 quod
2332 2376 2540 2416 columnae
2564 2376 2724 2417 Hercu-

192 2445 240 2485 lis
276 2450 454 2485 vocatur.
511 2444 547 2484 E
576 2457 655 2496 11110
682 2444 834 2490 insula,
874 2455 977 2494 quae
1014 2443 1142 2482 maior
1177 2448 1265 2482 erat
1293 2442 1421 2494 Libya
1460 2443 1578 2481 simul
1620 2448 1662 2482 et
1691 2444 1810 2492 Asia,
1850 2444 1917 2495 qni
1955 2448 2048 2482 tunc
2085 2443 2229 2482 itinera
2266 2442 2495 2492 faciebant,
2534 2449 2585 2483 ad
2625 2445 2726 2484 alias

193 2517 381 2564 poterant
410 2512 582 2552 transire
604 2512 757 2552 insulas
784 2524 835 2551 ex
856 2511 989 2562 iisque
1018 2511 1066 2550 ad
1097 2516 1220 2551 totam
1250 2516 1399 2551 terram
1429 2511 1695 2551 continentem
1725 2524 1749 2551 e
1772 2512 1937 2563 regione
1966 2511 2096 2559 sitam,
2126 2522 2229 2561 quae
2253 2510 2351 2551 illud
2380 2524 2493 2552 mare
2521 2512 2724 2565 cingebat.

191 2579 290 2621 Nam
323 2580 416 2629 hoc,
446 2579 552 2633 110011
577 2579 687 2619 ‘intra
713 2578 811 2619 illud
841 2578 988 2619 ostium
1016 2582 1129 2632 patet
1153 2590 1264 2618 mare
1288 2578 1496 2626 internum,
1523 2583 1667 2631 portus
1693 2591 1786 2619 esse
1813 2578 1984 2628 videtur,
2014 2578 2164 2619 aditum
2191 2577 2344 2619 habens
2369 2584 2599 2633 angustum,
2625 2580 2724 2621 illud

192 2659 289 2688 vero
332 2660 443 2688 mare
475 2653 705 2700 terramque
742 2647 782 2687 ei
819 2646 1118 2687 circumiectam
1156 2646 1367 2686 verissime
1403 2646 1668 2708 continentem
1710 2647 1873 2687 dixeris.
1942 2647 1982 2686 ln
2021 2646 2088 2686 illa
2116 2651 2248 2687 autem
2277 2646 2431 2697 insula,
2474 2649 2542 2688 001
2580 2661 2725 2689 001000

192 2716 420 2770 impositum
451 2721 516 2756 est
543 2716 738 2765 Atlantis,
779 2715 935 2756 exstitit
959 2727 1100 2768 magna
1128 2718 1171 2755 et
1194 2714 1436 2756 admirabilis
1472 2726 1614 2770 regum
1643 2715 1843 2768 potentia,
1886 2715 2091 2755 dominans
2128 2727 2206 2755 uon
2233 2714 2365 2756 solum
2393 2716 2435 2757 in
2461 2719 2549 2758 tota
2577 2717 2721 2766 insula,

191 2785 230 2824 in
259 2785 392 2825 multis
422 2785 512 2825 aliis
536 2785 678 2825 insulis
710 2789 752 2824 et
780 2785 1021 2824 continentis
1052 2784 1256 2836 partibus,
1281 2784 1354 2823 sed
1383 2784 1500 2823 etiam
1530 2784 1570 2823 in
1599 2783 1726 2836 Libya
1752 2796 1880 2836 usque
1919 2784 1969 2823 ad
1999 2785 2224 2835 Aegyptum
2254 2788 2298 2824 et
2333 2784 2374 2825 in
2401 2784 2567 2839 Europa
2595 2799 2723 2839 usque

192 2852 242 2891 ad
271 2851 554 2906 Tyrrheniam.
611 2854 724 2905 Quae
764 2853 943 2905 potentia
981 2852 1022 2891 iu
1052 2864 1172 2892 uuum
1200 2851 1449 2905 congregata
1477 2855 1519 2890 et
1553 2857 1728 2891 vestram
1767 2858 1810 2892 et
1845 2857 2019 2891 nostram
2047 2856 2219 2900 terram,
2265 2856 2389 2905 atque
2428 2855 2584 2903 omnia,
2619 2866 2722 2906 11000

192 2920 296 2960 intra
323 2922 469 2961 ostium
495 2922 573 2961 sita
602 2926 730 2970 erant,
760 2933 839 2960 una
867 2925 1009 2960 conata
1038 2925 1104 2960 est
1128 2921 1208 2960 sibi
1240 2921 1442 2960 subiicere
1469 2920 1740 2972 expeditione.
1797 2919 1900 2959 Tum
1919 2920 2220 2960 Atheniensium
2241 2921 2384 2960 civitas
2413 2934 2515 2974 prae
2538 2922 2722 2962 omnibus

193 2987 282 3027 aliis
314 2990 532 3042 conspicua
558 2989 637 3029 fnit
663 2990 814 3029 virtute
842 2993 886 3028 et
912 2989 1087 3028 viribus:
1123 3002 1227 3041 quae
1255 2989 1456 3029 excellens
1484 2992 1528 3027 et
1555 2988 1686 3028 animo
1715 2992 1756 3028 01
1784 2989 1847 3028 rei
1874 2988 2055 3027 militaris
2085 2989 2255 3041 peritia,
2283 2990 2552 3043 principatum
2580 2994 2722 3031 tene-o

192 3054 462 3105 Graecorum,
508 3063 552 3098 et
589 3071 610 3097 a
647 3058 769 3097 sociis
807 3057 971 3097 deserta
1007 3057 1047 3096 in
1086 3070 1282 3097 summum
1319 3057 1480 3096 veniens
1519 3056 1737 3096 discrimen
1765 3057 1950 3108 superior
1973 3056 2149 3107 denique
2191 3057 2272 3097 fuit
2309 3063 2448 3098 contra
2480 3059 2646 3108 hostes,
2681 3062 2725 3099 01

192 3123 343 3176 repulit
377 3126 611 3167 servitutem
641 3140 662 3166 a
693 3125 777 3166 suis
807 3125 983 3175 civibus,
1019 3138 1240 3177 omnesque
1263 3125 1460 3177 reliquos,
1498 3125 1568 3176 qui
1601 3126 1705 3164 intra
1728 3125 1919 3164 terminos
1948 3124 2181 3167 habitabant
2207 3126 2457 3176 Herculeos,
2494 3126 2655 3178 prolixe
2681 3132 2724 3168 01

191 3191 365 3234 libenter
390 3194 606 3236 vindicavit
643 3195 683 3236 in
713 3194 952 3236 libertatem.
1009 3193 1241 3236 Posteriore
1273 3194 1418 3235 deinde
1445 3197 1649 3247 tempore,
1691 3193 1916 3246 ingentibus
1947 3197 2083 3235 terrae
2111 3195 2287 3237 motibus
2323 3200 2367 3237 01
2397 3193 2722 3237 inundationibus

192 3261 367 3313 exortis,
414 3275 495 3304 uno
534 3263 601 3304 die
638 3268 681 3305 et
716 3268 838 3305 nocte
880 3263 994 3304 fatali
1032 3275 1171 3304 omnes
1212 3268 1375 3305 nostrae
1413 3262 1553 3316 copiae
1590 3266 1633 3303 et
1664 3262 1849 3302 universa
1890 3262 2020 3303 insula
2060 3264 2234 3306 Atlantis
2274 3264 2415 3306 0011010
2454 3269 2550 3306 snut
2576 3265 2721 3307 hausta

190 3333 325 3368 terrae
351 3331 478 3371 hiatu.
534 3332 652 3372 Mare
677 3336 811 3372 autem
839 3332 988 3372 invium
1015 3333 1291 3386 pervestigare
1316 3344 1394 3372 non
1412 3342 1650 3385 possumus,
1679 3330 1778 3379 luto,
1807 3331 1916 3382 quod
1944 3332 2076 3374 insula
2105 3334 2244 3375 effecit
2272 3332 2511 3385 considens,
2537 3334 2721 3375 obstante

192 3395 403 3440 admodum
431 3403 474 3439 01
501 3386 762 3454 impediente.
1518 3389 1521 3392 ¹

283 3540 317 3583 ¹³)
340 3540 381 3576 N.
401 3541 560 3587 Baebius,
586 3543 725 3580 Solonis
748 3546 967 3582 Atheniensis
992 3548 1177 3584 carminum
1201 3538 1290 3594 11000
1308 3551 1499 3592 supersunt.
1547 3546 1687 3582 Bonnae
1713 3546 1816 3584 1825.
1864 3558 1899 3592 p.
1921 3547 1968 3585 39
1990 3558 2066 3594 sqq.
