3045 3920
1404 522 1503 579 111.

289 696 348 737 lta
376 696 467 738 fere
494 696 662 737 fuerunt
689 695 913 735 sententiae
931 698 1199 748 comparatae,
1229 704 1329 745 quas
1361 691 1414 733 de
1438 692 1641 733 Atlantide
1665 693 1844 741 tulerunt
1859 694 2082 747 scriptores
2102 698 2277 735 veteres.
2334 692 2553 748 Temporis
2570 694 2720 735 deinde

178 767 352 808 decursu
388 777 629 819 permagnus
665 776 762 804 sane
807 763 887 804 fnit
924 775 1116 802 numerus
1144 761 1306 811 eorum,
1342 761 1412 814 qui
1447 761 1487 801 iu
1528 761 1673 801 eodem
1718 767 1812 802 sunt
1838 762 1990 802 versati
2017 768 2263 815 argumento.
2320 762 2454 816 Atque
2478 776 2716 817 quamquam

177 839 270 889 post
289 833 470 882 Martini,
497 846 614 886 quam
642 834 684 873 in
711 827 984 886 disputatione
1002 830 1262 880 monstravit,
1292 843 1428 870 curam
1458 843 1504 871 ac
1532 830 1780 883 diligentiam
1810 836 1854 871 et
1881 836 1978 884 post
2006 830 2239 871 Susemihlii
2264 830 2481 881 indicium,
2525 830 2636 885 qnod
2665 831 2719 872 de

177 902 348 944 Noroffli
377 903 480 942 libro
513 901 746 950 constituit,
789 900 939 940 subtile
983 904 1026 939 et
1054 899 1254 938 sincerum
1264 897 1329 953 *),
1363 898 1634 951 supersedere
1671 911 1889 952 possumus
1927 912 2091 948 omnes,
2121 900 2188 951 qui
2216 900 2269 939 de
2296 900 2501 948 Atlantide
2528 900 2720 940 fecerunt

179 971 316 1019 verba,
346 969 485 1010 dicere
513 974 557 1010 et
584 981 843 1017 enumerare;
885 980 1034 1022 operae
1061 975 1195 1008 tamen
1221 967 1396 1020 pretium
1425 967 1478 1007 sit
1503 979 1670 1026 narrare
1698 967 1951 1017 summatim,
1977 980 2077 1020 quaa
2106 972 2149 1007 et
2175 968 2386 1020 superiore
2414 973 2458 1009 et
2482 968 2717 1021 posteriore

176 1046 359 1092 tempore
376 1037 429 1078 de
447 1038 525 1079 hac
542 1036 731 1078 resecuti
750 1036 832 1077 sint
859 1036 936 1076 viri
953 1034 1063 1076 docti
1088 1035 1330 1084 sententias,
1364 1035 1442 1075 etsi
1461 1035 1721 1089 reperiuntur
1747 1035 1885 1084 multa,
1913 1048 2018 1088 quae
2044 1039 2229 1087 tanquam
2254 1036 2416 1085 absona,
2445 1036 2589 1088 quibus
2615 1036 2716 1077 nihil

179 1106 366 1147 videatur
380 1118 476 1146 esse
490 1104 718 1154 absurdius,
747 1116 916 1157 spernas
935 1104 1073 1156 utique
1091 1108 1135 1144 et
1153 1103 1327 1143 reiicias.
1384 1103 1441 1143 Ut
1457 1104 1579 1156 igitur
1596 1103 1727 1144 minus
1754 1116 1899 1156 graves
1917 1104 2146 1144 omittamus
2164 1103 2397 1161 ‚opinionem
2425 1116 2529 1156 quae
2557 1104 2708 1145 seculis

177 1174 357 1228 prolatae
383 1173 464 1214 sint
487 1173 678 1226 peractis,
708 1172 875 1212 Baerius
903 1172 1077 1224 probare
1105 1170 1257 1221 studet,
1286 1183 1430 1211 nomeu
1454 1171 1666 1211 Atlantidis
1694 1171 1802 1211 idem
1830 1171 2083 1224 sig-nificare,
2123 1171 2230 1223 quod
2259 1171 2449 1211 athletam
2462 1200 2476 1220 ,
2521 1172 2712 1225 idemque

175 1243 299 1293 igitur
322 1254 417 1282 esse
444 1240 554 1293 quod
577 1241 815 1281 luctatorem
843 1243 887 1280 et
908 1240 1037 1279 virum
1066 1238 1229 1279 fortem.
1259 1238 1446 1279 Omnium
1472 1251 1570 1280 vero
1599 1239 1849 1291 antiquitatis
1875 1239 2051 1279 virorum
2082 1240 2233 1279 nullum
2266 1251 2361 1278 esse
2392 1240 2560 1280 nationis
2596 1241 2710 1294 priu-

176 1311 307 1364 cipem
321 1339 335 1358 ,
363 1311 430 1350 cui
457 1310 537 1350 hoc
566 1321 711 1349 nomen
740 1309 892 1348 maiore
932 1308 1101 1347 inditum
1127 1308 1183 1347 sit
1209 1308 1324 1357 iure,
1361 1320 1477 1359 quam
1506 1307 1669 1357 israeli,
1712 1309 1845 1360 genti·
1879 1307 2064 1348 iudaicae
2101 1308 2284 1347 antistiti.
2342 1307 2521 1361 Tempus
2550 1309 2713 1358 deinde,

176 1391 255 1431 quo
283 1378 482 1418 Atlantica
508 1378 563 1418 sit
589 1377 698 1416 facta
727 1376 955 1428 expeditio,
1001 1380 1175 1425 terram,
1218 1375 1327 1415 unde
1354 1375 1630 1428 Atlantigenae
1657 1376 1841 1415 venerint
1867 1380 1911 1416 et
1939 1388 2019 1427 quo
2043 1376 2125 1415 sint
2151 1375 2349 1428 profecti,
2384 1375 2555 1427 denique
2583 1389 2713 1425 sacra,

177 1457 281 1498 quae
311 1445 417 1497 apud
446 1445 661 1485 Atlantidis
698 1444 960 1484 conficiantur
993 1442 1168 1492 incolas,
1211 1454 1431 1498 eorumque
1460 1443 1711 1496 reipublicae
1743 1442 1914 1483 formam
1942 1448 2023 1483 tam
2057 1449 2152 1496 apte
2180 1442 2378 1495 quadrare
2406 1444 2445 1483 in
2475 1443 2712 1484 ludaeorum

176 1513 259 1553 fata
287 1518 330 1553 et
357 1513 555 1562 fortunas,
581 1517 626 1552 ut
653 1510 768 1552 Plato
795 1511 982 1551 videatur
1008 1510 1297 1565 prophetarum
1325 1509 1595 1565 descripsisse
1624 1510 1747 1551 libros
1760 1508 1840 1565 **).

285 1581 420 1632 Atque
457 1580 640 1620 omnibns
683 1579 785 1619 mira
821 1578 997 1619 narravit
1040 1577 1187 1619 deinde
1223 1578 1418 1633 Baillius,
1460 1578 1813 1632 Franeogallornm
1859 1577 1993 1619 clarus
2031 1583 2298 1619 astronomus.
2354 1576 2441 1618 Non
2483 1578 2522 1619 in
2568 1578 2714 1621 ludaea

177 1649 333 1703 reperit
356 1649 424 1689 hic
451 1649 515 1687 vir
541 1647 685 1688 doctus
713 1646 1053 1700 Atlantigenarum
1085 1646 1282 1700 vestigia,
1310 1647 1372 1687 uti
1397 1646 1590 1697 Baerius,
1624 1648 1740 1687 cuius
1768 1647 1928 1700 ingenio
1967 1646 2135 1687 multum
2163 1646 2344 1699 impertit
2376 1646 2528 1695 laudis,
2571 1649 2645 1688 sed
2673 1649 2713 1689 in

177 1718 298 1758 maris
332 1717 511 1771 glacialis
540 1716 680 1756 insulis
707 1715 828 1756 sedes
857 1715 1069 1756 collocavit
1096 1716 1247 1768 primas
1276 1720 1398 1767 atque
1428 1715 1685 1757 domicilium.
1743 1715 1839 1756 lude
1867 1729 1957 1756 cum
1976 1714 2247 1755 Phoenicibus
2275 1714 2366 1754 illos
2394 1714 2451 1755 ait
2476 1722 2714 1769 penetrasse

175 1800 251 1839 per
277 1791 400 1827 totam
431 1785 567 1826 Asiam
596 1798 644 1825 ac
673 1784 936 1825 descendisse
964 1784 1111 1824 deinde
1156 1797 1181 1824 e
1209 1784 1413 1834 Caucaso,
1457 1785 1526 1826 ubi
1554 1785 1746 1826 Herculis
1784 1784 1960 1825 fuissent
1986 1784 2220 1833 columnae,
2266 1789 2489 1837 posteaque
2535 1787 2713 1827 tenuisse

181 1861 330 1895 terram
360 1854 467 1894 inter
492 1866 604 1894 mare
630 1857 833 1906 patentem
863 1858 905 1893 et
932 1852 1181 1905 Euphratem
1195 1851 1303 1904 ***).

288 1922 431 1975 Neque
459 1922 589 1963 minus
628 1921 782 1962 insulse
826 1922 1113 1975 interpretatus
1157 1925 1246 1971 est,
1292 1933 1396 1973 quae
1422 1920 1535 1961 Plato
1567 1920 1621 1960 de
1659 1920 1862 1961 Atlantide
1898 1920 2096 1969 narravit,
2134 1919 2337 1960 Norofflus
2376 1920 2711 1975 Petropolitanus.

175 1991 391 2045 Explicare
435 1991 539 2031 enim
581 1994 747 2030 conatus
784 1995 849 2030 est
873 1990 1078 2030 Noroffins
1119 2002 1188 2030 res
1229 1994 1365 2042 gestas
1394 1989 1734 2041 Atlantigenarum
1777 1995 1861 2029 tum
1891 1989 2136 2041 argumentis
2175 2000 2200 2028 e
2228 1989 2360 2029 bibliis
2399 1992 2525 2031 sacris
2557 1993 2710 2045 petitis,

177 2065 260 2099 tum
291 2059 484 2107 fontibus,
514 2059 621 2098 unde
647 2058 807 2106 hausit,
835 2059 1023 2098 Arabum.
1080 2058 1169 2098 Non
1196 2071 1295 2098 vero
1323 2058 1554 2097 adnumerat
1576 2057 1801 2106 Norosflus,
1834 2070 1938 2108 quae
1962 2057 2015 2096 de
2044 2057 2172 2096 insula
2201 2059 2389 2109 exposuit
2414 2058 2552 2107 Plato,
2587 2061 2711 2101 rebus

174 2126 279 2183 fictis
311 2131 354 2168 et
379 2126 628 2175 commentis,
656 2125 737 2166 imo
764 2138 812 2167 ea
841 2130 1049 2178 comparat
1079 2139 1170 2167 cum
1199 2126 1265 2175 iia,
1295 2137 1398 2178 quae
1425 2124 1546 2165 biblia
1573 2137 1647 2166 nos
1674 2124 1846 2165 doceant
1872 2137 1988 2166 sacra
2016 2124 2069 2164 de
2088 2124 2227 2178 primis
2250 2124 2450 2166 hominum
2480 2126 2713 2177 domiciliis,

174 2207 355 2248 quaeque
384 2208 406 2237 a
435 2193 665 2249 philosophi
695 2193 884 2248 opinione
912 2194 1071 2236 omuino
1105 2206 1184 2236 non
1207 2193 1426 2236 dissentire
1453 2192 1529 2234 sibi
1558 2190 1850 2249 persuadet†).
1908 2191 1991 2233 Sed
2026 2191 2103 2233 alia
2132 2204 2288 2246 quoque
2325 2193 2439 2235 uobis
2486 2194 2623 2249 prodit
2651 2197 2714 2237 vir

289 2335 324 2378 ¹⁸)
350 2336 445 2368 Mart.
469 2333 492 2366 Ι.
517 2344 562 2373 c.‚
587 2334 643 2371 Fr.
668 2336 804 2370 Susem.
829 2336 852 2369 Ι.
878 2347 909 2370 c.

264 2391 318 2435 ¹⁹⁶)
343 2391 515 2435 minutio!
548 2390 747 2434 biflotaitit.
773 2392 914 2437 werra«,
951 2393 1032 2430 ittet
1061 2393 1112 2430 bie
1136 2393 1336 2436 Silentiiet,
1382 2393 1417 2429 in
1449 2393 1593 2436 mactem
1625 2393 1675 2430 bie
1699 2392 1912 2436 aebutieteit
1935 2392 2078 2438 gmifdnn
2101 2393 2157 2427 bet
2180 2391 2358 2435 ecfatam
2386 2391 2487 2435 biefeo
2512 2394 2619 2432 motta
2646 2400 2711 2432 unb

176 2452 232 2484 bet
257 2449 436 2493 <samiam
463 2452 517 2485 bet
541 2448 720 2494 Sitaelt'ten
746 2453 867 2499 gegeigt
888 2451 985 2487 mitt.
1033 2452 1108 2487 Slus
1132 2454 1203 2487 bem
1227 2452 1381 2499 &tang-35.
1405 2454 1461 2487 beo
1482 2451 1528 2494 ὁ.
1552 2451 1610 2493 ὗε.
1635 2452 1679 2488 R.
1704 2460 1736 2488 υ.
1765 2451 1859 2487 mmet
1882 2450 2056 2494 &wulfart
2083 2450 2171 2485 1777
2190 2461 2224 2494 p.
2245 2450 2287 2485 1:
2334 2450 2433 2493 „uile
2455 2452 2545 2488 alten
2565 2453 2713 2496 &duim

175 2508 288 2551 stellet,
307 2508 420 2550 metae
441 2511 495 2543 bet
509 2508 689 2545 minutim
713 2511 898 2553 amabam,
922 2509 988 2550 §inb
1008 2510 1042 2545 iu
1065 2511 1221 2552 ffictrcffit
1235 2513 1293 2546 bes
1308 2511 1458 2553 Stamene
1482 2511 1571 2550 intes
1597 2510 1695 2550 ersten
1711 2510 1947 2551 Dbetlmuvteo
1971 2509 2064 2544 barin
2088 2508 2191 2553 αἰτίᾳ,
2215 2509 2277 2549 bafi
2309 2508 2351 2550 fle
2384 2509 2524 2555 &litiges
2558 2512 2715 2556 (Ἄτλας)

177 2566 277 2602 &flas
300 2576 439 2603 uenam.
486 2565 593 2604 &Bam
624 2577 701 2603 man
736 2569 785 2604 bie
818 2567 1040 2612 διιὼβᾰῡῑίαμ
1062 2568 1257 2614 ffiebeutung
1290 2568 1390 2609 bisses
1416 2568 1564 2605 mamma
1599 2569 1766 2613 auffuth,
1801 2569 1835 2611 fo
1871 2566 1969 2610 titubet
1994 2577 2091 2608 man,
2125 2566 2186 2607 tofi
2220 2571 2257 2602 ce
2291 2566 2455 2612 gieidyniet
2488 2568 2624 2607 mente
2659 2574 2714 2607 au

176 2623 331 2668 mutto,
355 2622 484 2671 iolglidp
509 2634 547 2670 gu
570 2624 743 2672 itbetfeseu
768 2624 811 2669 fei
834 2625 1014 2670 samnia,
1054 2625 1202 2671 minuet,
1239 2626 1290 2663 ein
1322 2627 1461 2669 tavfetet
1490 2625 1615 2662 mann.
1663 2627 1766 2662 natet
1798 2625 1884 2661 aileu
1908 2624 2048 2661 mtrem
2079 2626 2136 2659 bes
2160 2623 2365 2666 wtettbums
2398 2624 2499 2669 §iubet
2531 2637 2611 2664 aian
2646 2629 2714 2666 itin

177 2681 373 2725 Dbetiyauvt
397 2681 484 2717 tinet
506 2682 645 2726 motion,
670 2685 740 2718 bem
763 2683 862 2727 biefet
882 2683 990 2719 mame
1011 2685 1071 2720 mit
1094 2685 1262 2730 gtfifittem
1284 2684 1401 2727 &edite
1425 2684 1581 2730 beigetegt
1605 2687 1732 2720 werhen
1756 2684 1875 2726 tenne,
1899 2683 1952 2718 <113
1977 2685 2046 2717 bem
2069 2681 2183 2724 Sitael
2194 2705 2205 2724 ,
2240 2682 2444 2727 mersam
2468 2686 2527 2720 bes
2552 2686 2712 2731 jittifdyea

177 2739 324 2783 ὲΒοίΙοσ,
361 2740 462 2776 Gufet
494 2742 552 2775 beo
576 2740 746 2784 tinnipant
768 2744 833 2776 aab
856 2741 963 2777 motet
986 2744 1041 2777 bet
1066 2743 1110 2777 12
1134 2737 1303 2782 (ἕὲᾰιηυιε,
1327 2743 1361 2777 in
1386 2743 1495 2783 welde
1519 2744 1581 2777 bas
1606 2742 1693 2778 aeolt
1714 2742 1847 2787 getheilt
1870 2743 1977 2776 κου’
2024 2741 2069 2774 cs.
2095 2743 2196 2774 etiam
2219 2752 2253 2784 p.
2278 2741 2326 2776 76
2350 2753 2428 2786 sqq.
2479 2744 2564 2777 Cum
2589 2745 2711 2779 Baerio

181 2794 401 2833 consentiunt
423 2797 578 2833 nonnulli
599 2798 678 2840 alii,
704 2810 847 2844 quornm
870 2801 1011 2835 uomina
1032 2799 1130 2846 legas
1156 2800 1247 2845 apud
1270 2801 1363 2836 Mart.
1390 2801 1411 2836 l.
1436 2812 1464 2835 c.
1487 2805 1570 2836 tom,
1589 2799 1631 2835 11.
1655 2811 1691 2845 p.
1715 2799 1783 2836 271
1807 2811 1881 2845 sqq.

264 2854 337 2898 m)
359 2854 519 2890 Atlantis.
565 2855 696 2890 Lettres
718 2867 777 2891 sur
798 2856 995 2891 l’Atlantide
1028 2862 1063 2892 et
1086 2868 1145 2892 sur
1177 2858 1368 2893 l'ancienne
1392 2858 1532 2892 histoire
1562 2858 1607 2892 de
1629 2857 1739 2893 l'Asie
1766 2868 1826 2902 par
1849 2857 1891 2892 Μ.
1915 2855 2038 2899 Bailly.
2085 2854 2177 2889 Paris
2202 2854 2306 2893 1⁷79.
2331 2867 2366 2901 p.
2392 2857 2485 2894 112:
2533 2860 2606 2903 „Le
2630 2861 2713 2907 long

177 2911 220 2946 de
244 2912 277 2947 la
301 2924 386 2957 mer,
426 2916 470 2948 ou
495 2913 565 2948 l'on
592 2918 713 2948 trouve
743 2913 794 2949 les
816 2915 915 2949 villes
939 2922 1207 2961 commercantes
1232 2916 1276 2950 de
1299 2917 1364 2961 Tyr
1387 2922 1423 2950 et
1445 2916 1486 2949 de
1503 2916 1630 2959 Sidon,
1667 2922 1747 2951 sont
1780 2916 1816 2950 la
1837 2915 1993 2950 Phenicie
2028 2919 2062 2947 et
2084 2913 2117 2947 la
2140 2912 2249 2948 Judee
2281 2933 2330 2940 -
2366 2915 2462 2951 Nous
2500 2917 2710 2953 demandons

177 2970 246 3005 l'lle
266 2971 467 3014 Atlantide;
493 2983 534 3006 ce
555 2983 640 3017 pays
668 2978 764 3007 entre
786 2972 983 3018 l'Euphrate
1014 2979 1049 3009 et
1072 2973 1106 3009 la
1129 2985 1203 3009 mer
1223 2977 1315 3009 n'est
1336 2976 1432 3019 point
1464 2985 1533 3009 une
1554 2974 1620 3016 ile,
1657 2980 1692 3009 et
1721 2974 1756 3008 le
1787 2975 1872 3008 recit
1893 2973 1936 3007 de
1959 2972 2075 3007 Platon
2104 2982 2151 3006 ne
2174 2982 2264 3007 nous
2286 2976 2399 3018 paratt
2431 2975 2553 3011 laisser
2574 2988 2708 3013 aucune

175 3029 368 3074 equivoque
386 3027 579 3064 la—dessus.
601 3048 650 3055 —
675 3041 710 3076 p.
736 3029 818 3066 394.
865 3030 928 3066 Les
953 3031 1166 3073 Pheniciens,
1191 3043 1250 3066 ces
1276 3031 1390 3067 bardis
1413 3032 1653 3077 navigateurs,
1677 3034 1841 3066 etonnant
1863 3031 1895 3065 le
1928 3029 2052 3064 monde
2087 3040 2149 3074 par
2180 3028 2274 3065 leurs
2314 3042 2473 3076 courses,
2508 3042 2712 3070 conservant

176 3084 209 3117 le
233 3085 326 3120 culte
347 3086 394 3120 du
419 3086 525 3121 Soleil
549 3092 585 3121 et
605 3086 639 3121 le
663 3089 824 3122 souvenir
844 3088 888 3123 de
911 3094 990 3123 tous
1016 3088 1066 3123 les
1091 3089 1188 3123 chefs
1212 3089 1274 3123 des
1288 3089 1454 3130 Atlantes,
1469 3090 1607 3123 etaient
1628 3099 1708 3123 sans
1732 3089 1837 3122 doute
1860 3087 2048 3121 descendas
2072 3097 2158 3120 avec
2180 3097 2245 3122 eux
2269 3088 2316 3124 du
2344 3089 2520 3133 Canesse,
2545 3094 2711 3128 n'etaient

175 3143 330 3184 peutctre
350 3154 418 3188 que
440 3142 493 3179 les
517 3143 674 3180 Atlantes
698 3146 826 3180 memes
854 3156 938 3181 sous
962 3157 1009 3180 un
1032 3157 1113 3181 nom
1135 3146 1280 3193 change,
1306 3152 1341 3181 et
1364 3148 1496 3182 avaient
1521 3157 1654 3181 comme
1678 3157 1743 3181 eux
1766 3145 1840 3180 leur
1867 3145 1976 3189 patrie
2002 3144 2086 3179 dans
2110 3144 2145 3179 le
2168 3144 2283 3187 Nord,
2308 3148 2354 3181 ou
2379 3146 2431 3182 les
2455 3148 2596 3194 lang-nea
2621 3161 2711 3186 nous

175 3204 347 3234 montrent
382 3201 540 3247 l’origine
564 3202 607 3236 de
633 3201 666 3236 la
688 3203 899 3249 navigation.
923 3213 958 3248 p.
982 3202 1063 3239 410.
1111 3203 1233 3247 Quand
1256 3214 1301 3238 on
1325 3214 1365 3238 se
1397 3203 1547 3248 rappelle
1570 3214 1637 3249 qne
1660 3204 1774 3237 Tacite
1799 3213 1886 3236 nous
1909 3202 2048 3247 indique
2072 3202 2135 3236 des
2160 3203 2327 3237 eolonnes
2350 3205 2530 3240 d‘liercule
2565 3206 2652 3241 dans
2677 3209 2711 3242 le

175 3253 279 3299 Nord,
303 3268 371 3302 que
393 3264 471 3292 tons
497 3259 549 3292 les
572 3260 807 3305 temoignages
829 3260 891 3294 des
906 3262 1055 3303 *anciens
1079 3261 1248 3296 semblent
1268 3261 1416 3306 yplacer
1441 3261 1649 3304 l'Atlautide,
1672 3261 1847 3305 lorsqu'on
1872 3260 1941 3293 voit
1966 3260 2049 3293 dans
2074 3261 2184 3294 l'Asie
2207 3272 2277 3294 une
2309 3262 2454 3296 division
2479 3267 2644 3308 marquko
2670 3273 2704 3299 et

173 3311 328 3356 toujours
349 3314 558 3352 subsistante
589 3322 685 3352 entre
717 3316 770 3353 les
791 3317 934 3363 peuples
969 3318 1015 3353 du
1039 3318 1131 3354 Nord
1157 3324 1194 3355 et
1227 3320 1277 3354 les
1311 3319 1451 3365 peuples
1477 3317 1523 3353 du
1546 3318 1647 3361 nidi3
1682 3328 1728 3353 on
1757 3328 1802 3352 ne
1829 3322 1912 3362 peut
1934 3319 2169 3353 meconuaitre
2193 3324 2287 3354 cette
2309 3321 2418 3354 meme
2442 3318 2594 3357 division
2620 3323 2706 3358 dans

178 3367 228 3403 les
255 3373 471 3416 expressions
498 3374 542 3410 de
565 3374 705 3417 Platon,
726 3376 797 3421 >qui
829 3375 880 3411 dit
903 3376 964 3412 des
989 3376 1154 3412 colonnes
1178 3377 1358 3413 d'llerculc
1383 3381 1455 3413 tout
1476 3386 1517 3411 ce
1552 3387 1620 3422 quc
1642 3386 1730 3412 nous
1765 3385 1871 3411 avons
1896 3375 1947 3412 dit
1971 3375 2017 3410 du
2043 3375 2211 3412 Caucaso.
2248 3388 2284 3422 p.
2306 3376 2385 3414 425.
2432 3375 2476 3413 Je
2499 3380 2590 3415 crois
2617 3391 2708 3416 vous

177 3427 272 3460 avoir
293 3430 540 3479 snffisanunent
570 3435 699 3477 prouve
722 3444 789 3478 que
813 3433 864 3467 les
887 3434 1045 3469 Atlantes
1068 3445 1115 3469 ne
1138 3441 1220 3470 sont
1242 3446 1350 3470 venus
1376 3445 1443 3480 que
1465 3444 1525 3478 par
1540 3434 1661 3475 l'Asic,
1685 3435 1789 3479 qu’ils
1810 3434 1938 3468 etaient
1960 3434 2155 3470 descendas
2180 3436 2227 3470 du
2251 3436 2416 3471 Caucase-
2463 3436 2645 3483 Plutarqae
2668 3450 2709 3474 se

174 3483 266 3528 joint
290 3484 314 3520 a.
333 3489 416 3530 moi,
438 3500 525 3534 pour
549 3502 635 3526 vous
659 3497 811 3527 montrer
834 3492 885 3527 les
898 3492 1101 3537 Atlantides,
1125 3493 1160 3528 le
1180 3494 1329 3529 herceau
1352 3493 1396 3528 de
1420 3504 1478 3527 ces
1501 3493 1642 3538 peuples
1666 3494 1893 3537 conquerants
1918 3492 2004 3528 dans
2037 3504 2109 3528 une
2141 3494 2204 3529 des
2228 3494 2292 3529 iles
2318 3492 2363 3527 de
2379 3492 2414 3529 la
2429 3506 2502 3530 mer
2519 3495 2708 3541 glaciale.“

262 3542 305 3586 †)
329 3541 372 3581 U.
395 3545 445 3583 ὃ.
471 3555 536 3583 »ou
560 3548 700 3594 §lotam
734 3549 784 3584 bie
806 3549 960 3586 &flentis
983 3551 1061 3594 ιιαῶ
1093 3551 1294 3597 grietbifdmt
1325 3553 1390 3587 nub
1423 3550 1606 3595 otobifdyen
1628 3549 1787 3588 nutiles.
1834 3550 2039 3597 ssetetsbutg
2065 3550 2168 3589 1854.
2191 3564 2226 3598 p.
2250 3551 2318 3586 52:
2351 3551 2419 3599 Α(36
2444 3553 2520 3596 bati
2541 3554 2610 3597 alfa
2632 3557 2711 3600 aa&

171 3598 253 3644 nicht
276 3601 476 3649 befremben,
500 3613 593 3643 menn
617 3605 678 3643 mit
702 3606 736 3643 in
763 3608 818 3644 bet
842 3607 1032 3656 Gtgfilylnng
1058 3608 1203 3654 ξβῐαΐοο,
1226 3608 1276 3647 bie
1300 3609 1359 3655 auf
1383 3609 1578 3656 dgvptifdpet
1598 3607 1771 3646 stantium
1803 3609 1939 3656 betutyt,
1973 3609 2143 3658 Untlfinge
2173 3615 2234 3646 eno
2261 3611 2483 3657 ntfptimglid)
2508 3611 2710 3659 mittitete-
