3045 3920
1457 203 1488 254 5

211 363 251 403 in
279 356 569 402 matrimonium
608 355 812 404 duxisset,
851 353 1015 403 collem,
1058 353 1099 394 in
1114 356 1205 407 'quo
1233 353 1474 397 domicilium
1502 355 1789 404 collocaverat,
1831 357 1996 399 munivit
2021 358 2098 408 ita,
2127 362 2172 400 ut
2198 358 2331 400 nullus
2357 358 2585 400 hominibus
2614 363 2724 400 esset

210 438 423 476 memus,
462 436 632 478 namque
665 436 786 464 naves
824 427 866 464 et
903 422 1100 476 navigatio
1134 422 1266 466 adhuc
1300 429 1415 466 erant
1450 424 1660 479 incognita.
1717 424 1835 465 Omni
1861 426 2007 467 deinde
2040 424 2170 469 insul&
2194 428 2236 469 in
2261 427 2402 480 decem
2431 433 2567 482 partes
2596 428 2723 468 divisa

209 497 380 537 tiliorum
415 493 575 548 gemino
611 497 729 546 partu
756 491 1054 544 progenitorum
1083 495 1178 531 natu
1208 493 1379 534 maximo
1403 498 1620 535 maternam
1656 494 1859 546 regionem
1897 496 2075 536 attribuit
2114 502 2287 545 sortem,
2329 508 2433 548 quae
2460 498 2611 550 optima
2638 501 2727 535 erat

210 569 253 606 et
282 562 472 612 maxima,
510 561 702 616 illumque
736 572 874 613 regem
909 559 1061 601 creavit
1101 559 1268 602 fratrum
1311 562 1577 614 geminorum,
1624 560 1698 602 sed
1735 561 1879 603 horum
1915 564 2058 616 cuique
2097 565 2217 607 etiam
2251 565 2465 620 imperium
2496 564 2610 606 dedit
2642 564 2725 605 late

206 628 369 691 patena,
414 608 607 684 ipsosque
639 629 740 671 fecit
781 628 1059 681 imperatores
1114 629 1220 670 Natu
1246 630 1416 670 maximo
1456 642 1600 670 nomen
1635 620 1803 669 inditum
1836 636 1901 670 est
1942 632 2077 681 Atlas,
2120 634 2169 672 ab
2204 645 2337 685 eoque
2377 634 2507 673 insula
2544 638 2588 673 et
2613 645 2725 673 mare

208 711 352 740 nomen
379 696 516 747 duxit,
552 699 711 738 nomina
752 705 980 740 ceterorum
1006 691 1179 739 filiorum
1207 697 1378 738 fuerunt
1392 698 1512 738 haec:
1547 699 1730 750 geminus
1756 698 1927 738 Atlantis
1958 699 2107 749 frater,
2146 702 2213 741 cui
2240 706 2421 742 extrema
2447 701 2602 741 imni-e
2629 713 2724 755 para

209 767 259 808 ab
283 761 471 807 Herculis
500 765 694 807 columnis
729 781 858 820 usque
892 767 943 808 ad
970 767 1174 820 regionem
1199 764 1427 805 Gadiricam
1455 766 1674 818 obtigerat,
1717 764 1962 806 Graecorum
1989 766 2122 819 lingua
2145 768 2359 818 Eumelus,
2389 769 2523 822 patria
2549 767 2724 808 Gadirus

209 824 340 875 dietus
369 837 447 895 est,
476 838 519 874 et
547 840 709 887 praeter
737 849 828 878 eum
848 836 1007 888 gemino
1029 835 1113 875 nati
1140 838 1254 874 erant
1278 838 1418 886 partu·
1445 833 1682 887 Ampheres,
1711 833 1928 884 Euaemon,
1958 834 2164 885 Mneseus,
2192 836 2462 887 Autochthon,
2488 836 2724 897 Elaaippua,

210 903 359 949 Aaaea,
404 900 644 954 Diaprepes.
700 904 778 954 Qui
815 916 952 944 omnes
997 914 1216 954 eorumque
1256 901 1410 954 posteri
1438 906 1480 941 et
1505 902 1547 942 in
1573 901 1709 941 multis
1741 901 1861 942 maris
1899 902 2040 943 insulis
2078 902 2397 954 dominabantur,
2441 910 2484 946 et
2510 904 2727 959 imperium

213 980 340 1022 usque
369 967 421 1009 ad
437 968 665 1022 Aegyptum
696 976 738 1011 et
758 969 1024 1023 Tyrrheniam
1055 969 1325 1024 porrigebant.
1381 968 1512 1020 Atque
1538 972 1584 1009 ut
1611 968 1771 1009 omnino
1799 969 1969 1010 Atlantis
1997 982 2123 1023 genus
2152 974 2194 1011 et
2220 971 2471 1013 multitudine
2499 972 2726 1013 excellebat

210 1041 253 1078 et
279 1036 497 1090 dignitate,
541 1038 598 1078 ita
624 1037 704 1080 hoc
744 1039 784 1079 in
827 1039 967 1092 primis
1011 1038 1193 1079 instituto
1229 1037 1487 1078 servabantur
1514 1037 1602 1077 eius
1631 1049 1757 1090 opes,
1799 1041 1845 1078 ιιι
1874 1030 1993 1091 regea
2035 1051 2231 1079 summum
2269 1040 2473 1081 traderent
2510 1041 2724 1094 inperium

206 1105 336 1159 primo
374 1105 520 1158 cuique
556 1107 702 1160 genito.
760 1106 841 1148 Sed
878 1107 999 1148 etiam
1035 1106 1168 1147 multis
1203 1105 1247 1146 hi
1284 1118 1404 1160 reges
1442 1093 1660 1146 affluebant
1700 1106 1846 1155 rebus,
1900 1119 2003 1158 quae
2041 1119 2091 1147 ex
2128 1108 2304 1147 externis
2339 1109 2389 1148 iis
2423 1109 2724 1150 advehebantur

210 1175 354 1222 terris,
389 1186 637 1229 quarumque
672 1176 801 1216 insula
827 1177 1000 1216 Atlantis
1031 1175 1315 1230 suppeditabat
1353 1175 1518 1228 copiam.
1576 1173 1690 1215 Haec
1718 1175 1822 1215 enim
1851 1176 1979 1216 insula
2004 1176 2229 1217 abundabat
2257 1190 2344 1217 cum
2373 1178 2577 1228 omnibus,
2619 1191 2723 1229 quae

209 1256 234 1284 e
261 1249 372 1283 terra
403 1243 669 1295 effodiuntur,
715 1245 911 1295 metallis,
956 1250 1040 1285 tum
1066 1244 1168 1284 miro
1206 1243 1377 1296 quodam
1413 1257 1526 1294 aere,
1567 1243 1633 1284 cui
1661 1256 1804 1284 nomen
1843 1249 1929 1285 erat
1959 1244 2185 1294 orichalco,
2227 1245 2276 1286 ab
2302 1244 2549 1297 hominibus,
2587 1247 2723 1300 quiid

209 1312 407 1365 'temporis
433 1308 651 1366 degebant,
689 1311 907 1354 secundum
945 1327 1082 1353 aurum
1117 1312 1324 1366 permagni
1351 1312 1570 1355 aestimato.
1628 1312 1897 1364 Quaecunque
1924 1325 2021 1354 vero
2048 1314 2157 1363 alunt
2194 1318 2329 1355 terrae
2358 1315 2536 1355 animalia
2565 1315 2655 1356 i'era
2682 1320 2726 1357 et

209 1387 438 1430 mansueta,
485 1394 533 1421 ea
569 1382 699 1422 omnia
734 1383 774 1422 in
814 1382 944 1423 insula
985 1381 1311 1437 reperiebantur,
1356 1387 1484 1434 neque
1517 1380 1800 1422 desiderabant
1830 1381 1918 1422 eius
1954 1382 2107 1423 incolae
2142 1383 2329 1424 arborum
2359 1387 2403 1424 et
2428 1383 2585 1437 frugum
2614 1385 2725 1425 varia

206 1460 357 1502 genera
393 1449 603 1491 nobiliora.
661 1450 864 1502 Quaecum
892 1450 1003 1491 Atlas
1047 1450 1213 1503 eiusque
1243 1449 1399 1503 posteri
1425 1463 1447 1490 a
1474 1453 1583 1490 terra
1616 1438 1894 1502 accepissent,
1940 1451 2097 1502 regias,
2144 1456 2310 1503 portus,
2360 1452 2534 1501 navalia,
2573 1453 2722 1505 templa

208 1517 490 1567 aedificarunt,
538 1518 741 1570 marisque
776 1519 918 1569 orbes,
963 1518 1031 1571 qui
1061 1523 1241 1559 veterem
1274 1517 1568 1558 circumdabant
1603 1529 1742 1558 eorum
1778 1518 1938 1567 urbem,
1982 1519 2038 1558 ita
2070 1519 2284 1559 iunxerunt
2319 1520 2530 1573 pontibus,
2570 1525 2615 1560 ut
2645 1521 2724 1560 sibi

205 1585 404 1633 munirent
432 1586 535 1626 viam
569 1598 620 1626 ex
647 1587 761 1639 regia
788 1599 881 1627 arce
910 1591 1029 1640 atque
1054 1586 1104 1627 ad
1133 1600 1222 1627 eam
1249 1586 1472 1628 ducentem.
1529 1585 1643 1625 Hanc
1671 1587 1836 1638 regiam,
1866 1598 1968 1638 quae
1996 1588 2037 1625 in
2060 1587 2127 1626 dei
2153 1592 2196 1626 et
2209 1589 2400 1628 maiorum
2426 1587 2525 1627 sede
2564 1589 2723 1628 eondita

183 1645 185 1647 V
207 1658 284 1702 est,
319 1654 374 1693 ita
403 1659 707 1704 exstruxerunt,
738 1660 782 1695 ut
810 1660 852 1696 et
880 1656 1049 1695 ambitus
1078 1655 1347 1708 magnitudine
1374 1659 1416 1693 et
1442 1660 1758 1694 ornamentorum
1783 1654 2080 1707 pulchritudine
2108 1655 2342 1696 admirabile
2369 1656 2458 1695 visu
2486 1661 2529 1696 et
2555 1669 2721 1708 prorsus

206 1721 446 1775 stupendum
475 1722 596 1763 fieret
623 1736 738 1776 opus.
795 1723 911 1775 Quod
938 1723 1082 1764 deinde
1116 1723 1165 1763 ad
1194 1717 1344 1764 incolas
1375 1723 1508 1775 regiae
1537 1722 1710 1762 civitatis
1738 1723 1902 1772 attinet,
1939 1722 2040 1763 haec
2064 1727 2151 1763 erat
2177 1723 2284 1763 facta
2309 1723 2546 1776 dispositio,
2580 1728 2626 1764 ιιι
2653 1724 2724 1776 qui

206 1792 246 1830 in
276 1790 441 1844 planitie
470 1791 696 1831 habitarent
722 1792 799 1831 viri
825 1792 932 1832 bello
960 1792 1115 1841 idonei,
1145 1792 1292 1844 quique
1321 1791 1484 1830 fundum
1513 1790 1790 1844 possiderent,
1839 1791 2035 1831 exercitui
2060 1791 2302 1845 praeberent
2328 1792 2476 1842 duces,
2512 1791 2722 1833 multitudo

208 1865 341 1899 autem
366 1858 520 1899 infinita
549 1872 712 1909 eorum,
751 1861 821 1912 qui
847 1865 1002 1901 montes
1032 1861 1187 1912 aliaque
1211 1860 1391 1900 colerent
1424 1848 1531 1908 loca,
1568 1859 1633 1899 his
1672 1859 1842 1899 ducibus
1876 1864 2042 1912 pareret
2073 1865 2116 1901 et
2151 1860 2347 1901 obediret.
2403 1860 2520 1902 Hunc
2560 1860 2719 1913 quidem

206 1927 396 1968 tenebant
424 1926 604 1968 ordinem
630 1928 670 1968 in
698 1928 811 1982 regia
840 1928 1013 1979 civitate,
1042 1928 1082 1969 in
1110 1928 1275 1982 reliquis
1304 1940 1442 1968 novem
1469 1927 1698 1968 civitatibus
1726 1927 1788 1967 rei
1798 1927 1982 1968 militaris
1999 1928 2104 1969 ratio
2130 1941 2219 1969 cum
2247 1928 2355 1969 illius
2383 1928 2719 1969 administratione

205 1995 569 2037 dissimilitudinem
604 1996 778 2037 habebat
806 2010 909 2038 nunc
933 2010 1011 2037 non
1040 1997 1242 2038 subtiliter
1269 1996 1597 2051 prosequendam.

318 2065 399 2105 Sed
439 2066 559 2105 etiam
597 2077 756 2115 eorum,
802 2067 872 2118 qui
909 2071 1148 2120 potestatem
1186 2067 1401 2119 gerebant,
1446 2065 1533 2105 iura
1574 2069 1760 2105 accurate
1789 2069 1902 2105 eraut
1929 2079 1954 2105 a
1978 2065 2177 2118 principio
2203 2065 2379 2106 definita.
2438 2065 2582 2105 Decem
2612 2066 2719 2104 enim

204 2145 343 2186 regum
373 2138 415 2173 et
443 2133 587 2173 ducum
616 2134 762 2186 singuli
800 2135 840 2173 in
871 2135 954 2173 suis
980 2134 1125 2174 fluibus
1155 2135 1195 2174 in
1224 2135 1388 2185 suisque
1422 2133 1579 2185 oppidis
1605 2134 1848 2185 regnabant,
1888 2138 2008 2184 atque
2035 2134 2246 2186 imperium
2275 2134 2315 2173 in
2339 2134 2443 2172 viros
2469 2121 2511 2172 et
2537 2134 2577 2172 in
2604 2133 2717 2185 leges

205 2202 396 2255 plurimas
426 2202 638 2251 habebant,
669 2216 767 2255 quos
796 2203 957 2252 vellent,
986 2204 1197 2256 punientes
1227 2209 1269 2243 et
1297 2202 1605 2250 interficientes,
1635 2202 1741 2242 inter
1768 2202 1880 2253 ipsos
1909 2207 2041 2242 autem
2071 2202 2280 2254 imperium
2309 2207 2395 2241 erat
2424 2206 2466 2240 et
2493 2201 2718 2241 communio

205 2271 423 2310 secundum
450 2270 633 2310 mandata
659 2271 834 2325 Neptuni
872 2272 913 2311 in
950 2272 1016 2311 dei
1053 2272 1202 2324 templo
1237 2272 1278 2312 in
1321 2271 1498 2311 columna
1535 2271 1980 2323 inscripta-orichalca.
2038 2271 2127 2311 Huc
2154 2271 2323 2310 mediam
2351 2270 2390 2309 in
2423 2269 2590 2309 insulam
2622 2282 2717 2309 con-

206 2339 417 2378 veniebant
453 2339 575 2378 certis
615 2340 858 2390 quibusdam
876 2341 1145 2393 temporibus,
1176 2344 1218 2380 et
1245 2340 1370 2380 sacris
1398 2339 1572 2390 Neptuni
1597 2351 1751 2378 summa
1777 2339 1972 2391 religione
2002 2339 2292 2390 cerimoniaque
2321 2337 2514 2377 confectis
2544 2350 2635 2378 cum
2665 2337 2718 2377 de

205 2406 478 2447 communibus
511 2407 738 2448 statuebant
771 2408 892 2449 rebus
932 2414 1015 2448 tum
1043 2408 1296 2460 inquirebant
1327 2407 1526 2456 studiose,
1566 2418 1660 2447 num
1693 2407 1781 2460 quis
1807 2407 1986 2459 ipsorum
2014 2407 2202 2446 delictum
2231 2405 2508 2445 commisisset.
2564 2403 2718 2445 Iudicio

204 2475 326 2523 facto,
355 2488 451 2527 quas
482 2476 832 2528 pronuntiaverant
867 2477 1107 2526 sententias,
1148 2477 1302 2517 iudices
1341 2477 1381 2515 in
1420 2487 1539 2515 aurea
1573 2476 1844 2528 inscribebant
1882 2475 2038 2524 tabula,
2075 2480 2193 2526 atque
2219 2487 2307 2514 cum
2331 2474 2535 2523 vestibus,
2571 2473 2718 2525 quibus

205 2544 268 2582 usi
297 2548 430 2591 erant,
471 2544 799 2595 pretiosissimis,
842 2545 1059 2585 memoriae
1087 2545 1297 2584 tradebant
1323 2544 1601 2595 sempiternae.
1658 2543 1784 2582 Erant
1811 2555 1970 2594 quoque
2000 2543 2147 2582 multae
2178 2542 2278 2581 aliae
2307 2541 2417 2593 leges
2442 2541 2495 2581 de
2523 2542 2716 2594 praemiis

204 2690 340 2717 omnes
367 2679 445 2717 sibi
472 2679 653 2718 venirent
686 2680 855 2728 auxilio,
896 2680 931 2718 si
957 2680 1046 2731 quis
1085 2685 1270 2720 evertere
1297 2684 1506 2718 conaretur
1538 2678 1707 2730 stirpem
1736 2678 1911 2729 regiam,
1951 2689 2165 2727 omnesque
2192 2676 2243 2715 de
2270 2676 2377 2716 bello
2401 2680 2445 2716 et
2473 2676 2564 2716 aliis
2592 2677 2715 2716 rebus

204 2747 424 2786 communia
450 2752 642 2799 caperent
670 2743 847 2796 consilia,
875 2748 1139 2800 principatum
1170 2747 1390 2787 tribuentes
1415 2746 1552 2799 generi
1578 2745 1791 2786 Atlantico.

314 2809 546 2855 Exercitum
584 2815 706 2867 igitur
739 2817 857 2856 huius
892 2816 1045 2856 insulae
1076 2821 1157 2856 tam
1192 2816 1365 2869 potentis
1401 2815 1491 2854 olim
1529 2820 1571 2854 et
1607 2819 1688 2855 tam
1727 2814 1858 2854 felicis
1886 2814 2028 2854 'contra
2057 2812 2223 2865 patriam
2251 2815 2429 2852 nostram
2457 2811 2572 2852 duxit
2599 2812 2713 2860 deus,

203 2883 379 2936 bellique
405 2884 507 2925 haec
534 2883 622 2923 fere
646 2883 724 2924 fuit
756 2898 888 2925 causa.
945 2884 1025 2925 Per
1050 2885 1173 2925 multa
1200 2885 1304 2925 enim
1332 2882 1512 2932 saecula,
1538 2882 1726 2936 quamdiu
1752 2883 1910 2936 vigebat
1938 2882 1976 2922 in
2004 2881 2052 2922 iis
2079 2886 2218 2921 natura
2246 2879 2392 2931 divina,
2422 2880 2577 2921 insulae
2604 2881 2711 2921 cives

202 2951 310 2992 dicto
340 2952 547 2993 audientes
565 2957 680 2994 erant
703 2953 872 3007 legibus,
889 2952 1039 2995 'affecti
1068 2954 1196 2995 amice
1223 2953 1264 2994 in
1291 2964 1434 2994 numen
1451 2951 1636 2993 divinum.
1691 2951 1808 2992 Unde
1840 2951 2007 2991 animum
2035 2950 2261 2990 retinebant
2288 2961 2312 2990 a
2336 2949 2415 2989 deo
2439 2949 2710 3003 ingeneratum

204 3025 246 3060 et
266 3026 453 3070 ,erectum
482 3021 664 3062 homines
693 3021 802 3076 frugi
832 3035 878 3063 ac
907 3021 1089 3071 modesti,
1119 3021 1249 3063 omnia
1278 3025 1439 3075 praeter
1462 3019 1648 3061 virtutem
1681 3020 1750 3060 vili
1779 3019 2014 3072 pendentes,
2041 3018 2295 3071 divitiasque,
2324 3029 2423 3070 quas
2447 3031 2471 3058 a
2498 3018 2711 3058 maioribus

203 3093 467 3143 acceperant,
519 3089 716 3143 quoddam
764 3090 1035 3130 existimantes
1085 3102 1196 3130 onus.
1262 3091 1391 3142 Quum
1437 3099 1531 3127 vero
1578 3088 1734 3127 divinae
1775 3087 1969 3140 particula
2004 3087 2148 3125 mentis
2185 3087 2228 3125 in
2266 3087 2317 3126 iis
2355 3091 2467 3126 esset
2501 3086 2710 3135 exstincta,

203 3156 438 3208 indolesque
466 3158 556 3210 plus
586 3159 775 3212 ponderis
804 3159 973 3198 haberet
999 3159 1184 3207 humana,
1215 3172 1237 3198 a
1261 3158 1428 3210 perenni
1458 3156 1748 3209 degenerarunt
1774 3156 1920 3194 virtute
1944 3155 2150 3202 maiorum,
2179 3159 2223 3193 et
2249 3155 2385 3195 multis
2414 3167 2507 3195 sese
2531 3153 2712 3206 inquim-

203 3230 345 3264 verunt
362 3220 523 3277 flagitiis
553 3227 700 3266 iniusto
728 3227 840 3266 lucro
870 3232 912 3266 et
937 3227 1116 3278 potentia
1141 3226 1338 3279 impletos.
1392 3221 1507 3269 ’Θεὸς
1534 3220 1583 3263 δὲ
1612 3215 1637 3263 ὅ
1664 3221 1784 3263 θεῶν
1816 3218 1924 3268 Ζεύς
1951 3218 1998 3261 ἓν
2024 3218 2171 3273 νόμοις
2199 3218 2443 3275 βασιλεύων,
2472 3217 2549 3261 ἅτε
2578 3217 2711 3263 δονά-

202 3304 328 3340 μενος
355 3291 556 3347 καθορᾶν
600 3291 655 3334 τοὶ
684 3293 874 3345 τοιαῦτα,
905 3291 1105 3347 ἐννοήσας
1132 3294 1250 3344 γένος
1278 3290 1451 3339 ἐπιεικὲς
1478 3286 1643 3339 ἀθλίως
1675 3287 1996 3341 διατιθέμενον,
2039 3285 2161 3344 δίκην
2189 3284 2336 3338 αὐτοῖς
2363 3286 2580 3330 Merrae
2610 3289 2711 3342 βου-

204 3355 369 3411 ληθείς,
409 3361 482 3401 ἵνα
518 3361 708 3412 γένοιντο
745 3360 1053 3415 ἐπιμελέστεροι
1090 3361 1469 3417 σωφρονισθέντες,
1506 3356 1717 3414 ξυνήγειρε
1743 3353 1873 3404 θεούς
1899 3353 2066 3405 πάντας
2094 3357 2153 3405 εἰς
2191 3354 2278 3413 τὴν
2305 3353 2562 3411 τιμιωτάτην
2595 3353 2712 3414 αὐτῷ

206 3424 377 3479 οἴκησιν,
408 3426 434 3481 ἢ
460 3425 512 3483 δὴ
541 3421 651 3472 aedui
670 3430 800 3482 μέσον
828 3427 989 3478 πάντος
1016 3429 1095 3471 τοῦ
1121 3427 1278 3483 κόσμου
1305 3429 1500 3483 βεβηκυῖα
1524 3425 1697 3483 καθορᾶ
1723 3422 1879 3477 πάντα,
1905 3422 1986 3465 ὅσα
2014 3426 2210 3478 γενέσεως
2233 3423 2467 3482 μετείληφὲ,
2495 3432 2567 3470 καῖ
2583 3430 2712 3479 ξυνα-

202 3492 341 3547 γείρας
369 3489 487 3537 εἶπεν
516 3526 724 3538 ......
2714 3498 2722 3505 “
